4500 5666
440 686 554 753 deinde
577 685 693 773 quibus
717 685 837 751 artibus
859 683 972 750 ritibus
995 684 1236 772 purgationibus
1266 687 1312 750 uti
1342 683 1495 752 deberent
1521 688 1554 751 in
1577 688 1635 752 bac
1657 692 1770 755 misera
1792 693 1874 756 vitae
1897 692 2007 758 condi·-

440 803 549 879 cione,
581 798 718 883 denique
746 795 923 882 quomodo,
951 795 1012 861 illis
1040 795 1153 862 ritibus
1178 799 1326 883 peractis,
1356 800 1438 862 vitae
1467 802 1640 885 integritate
1668 813 1869 888 recuperata,
1897 825 2006 870 rursus

440 911 519 976 deus
542 909 747 989 evaderetis,
771 911 831 1001 (ῃιίΙ
849 909 923 973 olim
946 906 998 972 dci
1020 907 1143 973 ielicem
1165 917 1280 972 sortem
1304 910 1465 974 amisisset.
1503 911 1592 975 Haec
1606 932 1684 977 vero
1701 917 1872 999 argumenti
1894 913 2007 993 lustra·

440 1024 516 1086 lium
539 1020 711 1108 descriptio
734 1040 800 1085 uon
822 1019 917 1107 plane
941 1029 1025 1083 caret
1047 1021 1295 1083 testimoniorum
1319 1023 1519 1098 auctoritate;
1546 1042 1616 1087 nam
1640 1022 1814 1098 Hierocles,
1843 1032 2008 1092 commin

441 1156 534 1198 carm.
558 1155 677 1220 aur.‚p.
697 1131 758 1197 142
775 1131 923 1196 Muliacb
946 1131 1024 1194 baec
1046 1128 1138 1194 affert
1153 1132 1243 1214 quasi
1265 1151 1414 1195 summam
1437 1129 1600 1197 doctrinae
1614 1133 1861 1221 Empedocleae:
1883 1132 2007 1205 Ko‘ruou

331 1281 332 1286 1
440 1245 499 1331 γοὶρ
522 1241 574 1313 καὶ
594 1241 752 1312 eccesiam
773 1243 823 1318 τῆς
841 1239 1007 1327 εὐδαίμονος
1028 1235 1163 1326 xu'pasi
1184 1232 1341 1328 ἅνθρωπος,
1370 1246 1408 1314 ὥς
1432 1242 1638 1330 Ἐμπεδοκλῆς
1660 1255 1748 1334 φησιν
1768 1249 1792 1314 ὅ
1805 1247 2007 1336 Πυθαγόρειος,

963 1411 1003 1424 -
1029 1368 1135 1461 φυγαῖς
1154 1370 1241 1440 θεόθεν
1263 1369 1315 1441 uui
1337 1372 1456 1455 ἀλήτης,

852 1483 952 1554 Νείκεϊ
967 1481 1134 1573 μαινομένῳ
1153 1483 1276 1558 πίσυνος.
1291 1522 1330 1536 -

431 1643 529 1715 ‚durari
548 1645 579 1714 di
596 1641 648 1712 καὶ
662 1637 710 1720 cdv
728 1641 859 1732 ἀρχαίαν
876 1635 934 1730 ἕξιν
951 1633 1176 1729 ἅπολοιμβοίνεο,
1196 1641 1220 1708 εἷ
1235 1636 1327 1731 φύγον
1346 1641 1386 1712 τοὶ
1403 1637 1465 1728 περ)
1484 1643 1537 1732 γῆν
1555 1639 1607 1712 nui
1627 1645 1684 1715 cdv
1704 1647 1862 1735 ἀτερπέα.
1879 1650 2006 1735 χῶρον,

441 1765 479 1832 ὡς
500 1765 513 1826 d
535 1757 622 1829 οὗτος
644 1758 741 1844 λέγει,

846 1857 937 1930 Ἔνθα.
962 1857 1047 1953 φᾶνος
1067 1891 1098 1930 τε
1119 1866 1200 1936 uiros
1220 1892 1251 1932 τε
1269 1861 1321 1935 sai
1343 1858 1447 1956 ἄλλων
1470 1865 1548 1935 ἔθνεα
1568 1869 1671 1955 κηρῶν·

441 1984 477 2052 εἰς
495 1976 527 2050 iv
547 1981 572 2047 ci
589 1977 775 2068 ἐμπεσόντες,

845 2078 936 2161 'Arne
954 2075 989 2153 dr
1010 2091 1143 2174 λειμῶνα
1161 2083 1243 2155 nord
1263 2084 1363 2161 σκότος
1382 2084 1579 2164 indracon„

441 2247 572 2316 Accedit
594 2265 726 2332 quoque
754 2252 909 2308 externa
939 2252 1031 2307 nota
1059 2265 1095 2307 er
1124 2247 1275 2309 orationis
1304 2245 1405 2310 forma
1432 2256 1542 2310 sumta.
1596 2245 1731 2313 Constat
1759 2253 1853 2331 enim,
1882 2274 2005 2318 carmen

439 2357 500 2447 περὶ
521 2352 667 2447 φύσεως
686 2357 813 2422 nomine
835 2355 1009 2419 Pausaniae
1031 2357 1214 2442 inscriptum
1237 2356 1341 2422 inisse.
1357 2359 1401 2437 (v.
1416 2357 1508 2444 Diog.
1521 2357 1678 2442 vulso)
1699 2355 1731 2434 ἦν
1752 2359 1779 2426 d
1790 2365 1803 2428 ὁ
1823 2361 2005 2441 Παννονίας,

440 2609 540 2660 ουτω,

514 2610 527 2654 ς
812 2743 813 2746 ¹
850 2663 1018 2746 Παννονίαν,
1039 2661 1078 2734 oui
1096 2665 1127 2734 dd
1149 2665 1244 2748 κλῦθι,
1264 2663 1418 2756 δαΐφρονος
1437 2667 1585 2756 Ἀγχίτου
1607 2669 1657 2738 ott.

439 2820 470 2874 et
499 2829 569 2872 cum
597 2825 752 2887 nusquam
781 2800 842 2866 alia
868 2821 1006 2888 persona
1031 2803 1064 2865 in
1091 2800 1224 2866 eundem
1253 2802 1383 2868 honoris
1409 2802 1517 2868 locum
1545 2814 1693 2886 vocetur,
1721 2806 1767 2870 iili
1794 2807 1854 2872 soli
1883 2831 2006 2875 carmen

439 2893 674 2985 suum⁸misisse
696 2913 923 3000 Empedoclem
947 2910 1096 2977 credibile
1119 2925 1175 2977 est.
1210 2912 1313 2993 Unde,
1336 2917 1364 2978 si
1384 2935 1492 2979 verum
1516 2927 1572 2990 cst,
1596 2915 1741 2998 efficitur,
1764 2930 1799 2982 ut
1821 2925 1925 2986 omnia
1946 2922 2007 2987 ira·

439 3034 549 3116 guina,
571 3032 604 3092 in
627 3024 744 3112 quibus
766 3036 862 3111 poeta
886 3024 1064 3109 complures
1088 3025 1265 3110 compellat,
1288 3047 1306 3089 a
1328 3025 1463 3112 physico
1487 3031 1623 3090 carmine
1645 3031 1855 3116 seiungamus.
1927 3112 1930 3118 Ι

570 3138 636 3205 Sed
651 3136 804 3224 Bergkius
820 3143 997 3219 (comment
1012 3158 1042 3220 p.
1063 3139 1119 3221 10)
1139 3136 1186 3201 illi
1208 3140 1411 3202 coniecturae
1432 3136 1667 3203 fundamentum
1689 3140 1792 3205 voluit
1814 3141 2006 3210 subtrahere

438 3255 519 3317 Nam
543 3273 640 3337 quum
664 3248 738 3315 alibi
761 3249 871 3335 (Diog.
886 3247 976 3312 vltl.
993 3246 1048 3330 43)
1071 3270 1196 3313 versum
1219 3249 1303 3313 hunc
1324 3247 1510 3334 Empedocli
1532 3249 1682 3315 tributum
1705 3256 1875 3339 reperisset

836 3355 1004 3446 Τήλαυγες,
1023 3355 1115 3426 κλυτὲ
1136 3361 1220 3446 κοῦρε
1241 3363 1371 3428 Θεανοῦς
1392 3355 1573 3448 Πυθαγόρεώ
1589 3388 1635 3438 rr,

437 3482 530 3541 istum
555 3475 724 3560 Telaugem
748 3493 820 3536 eum
841 3469 974 3556 putabat
997 3493 1080 3551 esse,
1108 3493 1202 3557 quem
1229 3475 1261 3536 in
1283 3471 1487 3558 physicorum
1511 3476 1647 3538 carmine
1673 3485 1799 3559 praeter
1820 3476 2005 3544 Pausaniam

439 3563 596 3678 aliocutus
620 3596 702 3651 esset
723 3593 826 3670 poeta.
872 3581 909 3646 ld
933 3581 1020 3667 quod
1044 3587 1073 3648 ei
1095 3587 1248 3648 sermonis
1271 3603 1401 3670 quoquo
1423 3583 1522 3648 forma
1545 3583 1682 3650 indicare
1704 3585 1879 3652 videbatur.
1924 3589 2016 3654 Nam

439 3699 478 3762 ad
501 3697 588 3761 illum
603 3717 727 3762 versum
746 3687 913 3773 Hebraeis,
934 3691 973 3760 ud
993 3694 1024 3761 δὲ
1042 3694 1129 3763 κλῦθι
1152 3707 1248 3761 maio
1271 3693 1428 3775 observat,
1450 3717 1562 3762 vocem
1585 3690 1653 3780 (cd)
1665 3696 1709 3777 δέ,
1731 3701 1864 3784 proprio
1879 3703 2006 3765 nomine

390 3871 395 3884 ,
437 3812 620 3897 praemisso,
642 3829 767 3893 semper
787 3809 820 3872 in
842 3829 903 3872 usu
926 3827 1004 3885 esse,
1033 3805 1089 3872 ubi
1112 3828 1216 3871 sermo
1239 3805 1279 3871 ab
1304 3806 1365 3871 alio
1389 3806 1429 3872 ad
1451 3806 1546 3872 alium
1569 3806 1675 3873 subito
1700 3807 1859 3889 deflectat,
1889 3831 1950 3894 qua
1972 3814 2005 3875 in

439 3943 473 3986 re
496 3921 639 4004 sequitur
659 3919 795 3985 Porsoni
816 3916 914 3982 verba
936 3916 977 3982 ad
999 3919 1107 4004 Eurip.
1127 3918 1237 3985 Orest.
1254 3917 1331 3996 614,
1360 3917 1417 3983 sed
1443 3938 1510 3983 non
1536 3929 1630 3984 recte.
1675 3920 1839 3985 Porsonus
1869 3924 1949 3985 enim
1977 3925 2005 3986 si

438 4042 554 4109 mouet,
575 4034 656 4094 ‘cum
679 4029 785 4096 subito
809 4051 985 4123 sennonem
1009 4027 1050 4093 ad
1071 4029 1166 4094 alium
1189 4028 1229 4094 ab
1253 4027 1315 4094 alio
1339 4033 1558 4108 convertimus,
1586 4032 1688 4116 primo
1710 4051 1827 4096 nomen
1848 4035 2004 4116 ponimus,

439 4143 552 4211 deinde
574 4161 760 4228 pronomen,
783 4141 897 4207 deinde
920 4140 1120 4227 particulam’,
1146 4142 1313 4226 quominus
1335 4141 1430 4204 buius
1450 4143 1678 4226 propositionis
1701 4146 1940 4209 conversionem
1962 4148 2005 4209 si·

438 4257 503 4323 mul
524 4276 630 4320 veram
654 4272 724 4317 esse
747 4252 981 4332 contendamus,
1004 4253 1177 4339 impediunt
1199 4263 1229 4320 et
1252 4255 1432 4330 notissimae
1455 4252 1572 4340 logices
1595 4251 1679 4339 leges
1701 4253 1903 4338 otioquendi
1919 4277 2004 4334 usus,

439 4391 532 4456 quem
555 4364 744 4431 Mullacbins
766 4363 891 4450 Bergkii
915 4366 1058 4450 opinioni
1080 4373 1165 4429 recte
1188 4367 1340 4451 opposuit
1362 4369 1488 4444 (comm.
1511 4362 1552 4428 de
1574 4368 1740 4450 prooemio
1763 4366 1850 4451 Emp.
1873 4388 1906 4452 p.
1927 4373 2002 4448 22).

437 4480 544 4546 Facile
566 4487 668 4543 autem
691 4473 967 4560 supersedebimus
989 4496 1027 4540 ea
1049 4487 1200 4561 repetere,
1224 4495 1305 4561 quae
1327 4474 1517 4540 Mullachius
1540 4496 1558 4540 e
1580 4495 1689 4562 magna
1712 4475 1926 4562 exemplorum
1948 4498 2003 4542 co·

439 4597 491 4680 pia
515 4592 535 4656 l.
558 4590 578 4656 l.
602 4587 784 4674 depromsit,
808 4598 844 4651 ut
867 4580 1108 4666 demonstraret,
1136 4586 1287 4672 particula
1309 4585 1344 4653 tt
1364 4586 1418 4651 tali
1440 4585 1536 4651 modo
1560 4596 1712 4672 usurpata
1734 4607 1799 4651 non
1821 4588 1922 4654 solum
1945 4589 2005 4654 bo·

439 4708 551 4768 minem
573 4703 704 4780 bomini,
731 4695 787 4790 sed
817 4699 907 4764 etiam
936 4702 1117 4764 sententiam
1142 4701 1310 4764 sententiae
1337 4699 1467 4786 opponi.
1512 4698 1677 4763 Praeterea
1699 4707 1771 4782 apte
1793 4709 1900 4766 mouet
1921 4700 2001 4766 Stei-

439 4819 509 4880 nius
531 4810 720 4900 p.18·nihil
741 4808 918 4897 prohibere,
942 4813 1110 4895 quominus
1133 4810 1188 4875 iilo
1211 4833 1306 4876 versu
1328 4809 1440 4876 eodem
1462 4806 1559 4875 modo
1582 4808 1755 4876 nonnullos
1771 4820 1917 4896 exceptos
1933 4833 2003 4876 esse

439 4925 589 5003 dicamus,
611 4944 678 5009 quo
699 4921 878 4988 Promethei
900 4920 1070 5007 Aeschylei
1094 4925 1211 5007 primos
1234 4922 1318 4988 duos
1341 4925 1444 4988 tertio.
