4500 5666
1195 371 1240 444 tu

1101 487 1332 514 mmmm

435 634 608 702 lustralium
637 653 761 698 carmen
785 629 880 696 babet
905 631 1079 716 prooemia.
1118 629 1221 694 ‘Prius
1251 631 1331 693 enim
1360 637 1408 692 est
1434 627 1632 714 compellatio
1662 625 1997 716 Agrigentinorum&

438 744 530 838 φίλοι,
553 739 577 812 οἳ
598 741 684 831 μίγα
703 737 779 812 darc
802 754 911 810 κ.τ.λ
933 746 974 823 (ν.
990 742 1171 823 ssa-365),
1191 743 1349 826 posterius
1372 759 1459 818 vero,
1482 738 1523 803 ad
1545 761 1610 804 rem
1632 743 1732 826 ipsam
1753 743 1886 826 propius
1908 727 2007 805 acee-¹

438 858 529 924 dens:
556 853 579 924 ὦ
599 855 692 946 φίλοι,
713 884 736 922 οι
757 883 778 922 α
799 849 853 941 μὲν
875 850 961 920 οὕνεκ’
983 849 1100 928 ἀληθείη
1119 846 1204 941 παροδ
1222 850 1336 940 μύθοις,
1366 839 1414 921 ciis
1432 845 1491 938 ἒγιδ
1512 846 1609 940 ἐξερίοι
1637 853 1788 931 366-68,
1819 854 1871 916 cui
1898 855 1999 917 statim

440 968 597 1034 adduntur
619 968 665 1033 illi
687 967 845 1032 Plutarchi
871 987 994 1030 versus:
1238 975 1240 980 '

571 1137 573 1142 .
966 1072 1038 1142 ἔστιν
1059 1071 1191 1160 οἰιοίγκης
1211 1073 1322 1158 χρῆμα
1342 1101 1370 1139 κ.
1385 1100 1411 1139 τ.
1429 1085 1460 1140 λ.

440 1212 522 1278 qnos
545 1190 586 1255 ad
610 1189 673 1254 tale
694 1193 890 1277 prooemium
912 1189 1068 1273 pertinere
1089 1185 1167 1250 nihil
1191 1196 1238 1250 est
1262 1207 1318 1250 cur
1339 1207 1497 1270 negemus.

571 1303 731 1366 Hactenus
752 1302 839 1367 haec
883 1295 1057 1362 Recideudi
1085 1299 1179 1381 igitur
1207 1306 1319 1362 sunta
1344 1298 1551 1383 physicorum
1580 1299 1761 1382 prooemio,
1793 1296 1887 1382 quale
1917 1295 2001 1383 apud

440 1416 543 1480 Karst.
565 1423 675 1493 exstat,
702 1435 812 1478 versus
843 1413 948 1488 1-31,
977 1411 1070 1492 eique
1098 1411 1223 1473 mutatis
1252 1407 1408 1473 mutandis
1436 1411 1469 1472 in
1497 1407 1637 1473 lustralia
1669 1407 1840 1496 relegandi;
1869 1417 1901 1472 et
1928 1417 2003 1494 post

442 1529 533 1591 amici
557 1525 844 1611 compellationem:

741 1657 761 1698 1.
799 1627 966 1708 Παυσανία,
985 1625 1024 1696 cd
1042 1627 1073 1696 δὲ
1092 1629 1178 1698 κλῦθι
1200 1625 1354 1718 δαίφρονος
1370 1628 1517 1717 Ἀγχίτου
1536 1629 1587 1698 υίέ.
1639 1649 1642 1652 “

441 1752 533 1834 sequi
560 1747 684 1812 videtur
711 1745 801 1810 locus
828 1741 1063 1822 celeberrimus,
1093 1765 1187 1828 quem
1215 1742 1329 1807 Sextus
1358 1743 1473 1829 Empir.
1503 1742 1572 1807 adv.
1602 1742 1693 1806 matlu
1714 1741 1785 1808 VH.
1811 1742 1871 1804 123
1899 1721 2002 1805 allent:

442 1862 558 1941 (Karst.
579 1857 703 1939 32-40)
724 1893 763 1906 -
790 1854 847 1920 sed
876 1875 986 1919 versus
1011 1853 1189 1940 complures
1220 1853 1371 1922 excidisse
1398 1857 1459 1918 iam
1490 1857 1765 1940 argumentationis
1788 1851 1921 1920 formula
1943 1850 2002 1939 γιίρ

442 1971 614 2036 indicat-
1139 2029 1140 2034 ,

741 2078 762 2119 ο.
799 2049 945 2124 στοινοντοί
962 2051 1017 2142 μὲν
1037 2048 1096 2142 peip
1117 2051 1267 2143 ταλοίμαι
1285 2051 1367 2122 sard
1389 2059 1463 2141 γυῖα
1483 2050 1635 2140 κέχυνται·

741 2190 762 2230 a.
798 2161 905 2236 πολλοὶ
925 2162 956 2234 δὲ
977 2163 1044 2232 δείλ’
1065 2165 1191 2253 ἔμπαια,
1212 2162 1253 2234 τοί
1271 2160 1489 2252 τὀἰμβλοίνουσι
1511 2165 1664 2254 μερίμνας.

392 2467 393 2472 ,
480 2423 516 2492 (ι)
555 2423 644 2477 Cobet.
657 2419 799 2488 Παυσανίη.
831 2425 881 2476 Ριο
893 2417 1019 2495 Ἀγχίτου
1034 2421 1148 2476 Karsten.
1161 2416 1296 2493 Ἀγχίτου,
1309 2440 1360 2492 quo
1374 2431 1459 2474 exstat
1471 2422 1497 2474 in
1510 2421 1587 2494 epigr.
1599 2421 1662 2475 boc:

879 2509 1023 2577 Παυσανίην
1037 2501 1119 2582 ίητρίν
1132 2503 1249 2583 ίτοίνυμοι
1262 2506 1415 2586 Ἀγχίτου
1428 2502 1481 2564 uida

915 2597 973 2674 φῶτ’
984 2593 1170 2668 Ἀσκληπιοίδην
1182 2598 1273 2674 πατρίς
1286 2601 1377 2674 ἔθρεψε
1389 2602 1467 2667 Γέλα,

880 2685 907 2753 ὃς
918 2683 1030 2753 πολλοίς
1042 2701 1170 2764 μογεροῖσι
1184 2693 1372 2766 μαραινομένους
1383 2687 1517 2764 καμάτοισι

915 2785 995 2856 φῶτας
1008 2779 1159 2856 ἐπίστροφον
1172 2777 1330 2857 Φερσιψίνης
1342 2779 1444 2837 οἶδίτυν.

446 2878 499 2931 Sed
516 2877 580 2930 illud
593 2871 719 2949 Ἀγχίτου
736 2875 839 2930 nonnisi
857 2875 884 2928 in
901 2876 1039 2947 antholog.
1057 2877 1138 2930 Palat.
1152 2878 1251 2949 legitur,
1270 2877 1347 2948 Diog.
1360 2880 1441 2930 Laert
1460 2877 1499 2930 bis
1512 2871 1645 2949 Ἀγχίτου,
1664 2894 1729 2947 quae
1746 2877 1829 2930 forma
1845 2875 2007 2929 confirmatur

445 2969 557 3022 Brunck.
566 2969 640 3021 anal.
653 2971 673 3033 I,
689 2970 746 3020 103.
767 2966 842 3020 Conf.
855 2978 986 3039 praeterea
1000 2985 1062 3038 quas
1075 2967 1201 3038 Bergkius
1215 2987 1238 3038 p.
1248 2969 1263 3023 7
1275 2978 1361 3021 contra
1372 2962 1500 3040 ’Δγχίτου
1514 2967 1622 3021 formam
1636 2967 1807 3022 dubitationes
1820 2978 1909 3020 movet
1921 2985 1935 3020 e
1947 2986 2007 3038 pro-

446 3060 521 3113 sodia
534 3069 638 3112 sumtus.
663 3061 691 3110 In
706 3058 785 3111 altero
799 3077 876 3112 versu
889 3059 916 3110 in
930 3058 1033 3112 Anthol.
1046 3059 1117 3112 Plan.
1130 3049 1195 3110 τίνδ’
1206 3049 1390 3124 Ἀσκλητιοίδην
1399 3055 1486 3130 πατρίς
1499 3055 1580 3124 ἔθαψα
1593 3049 1665 3124 κίνις,
1678 3059 1732 3113 Pal.
1743 3057 1824 3126 ἔθαψε
1833 3057 1912 3118 τίλας
1925 3057 2007 3126 (men-

447 3151 511 3204 dose
523 3169 569 3222 pro
579 3149 669 3218 Γέλα).
689 3149 716 3202 Si
729 3149 807 3202 lectio
821 3147 901 3216 ἔθαψε
915 3167 976 3202 vera
990 3159 1036 3214 est,
1050 3149 1127 3221 epigr.
1140 3149 1365 3220 falsoEmpcdocli
1377 3149 1503 3214 tribuitur,
1517 3160 1543 3202 et
1554 3169 1614 3205 vere
1625 3150 1737 3216 Anthel,
1751 3169 1816 3222 quae
1829 3147 1910 3217 ἔθαψε
1923 3150 2008 3214 habet,

448 3241 606 3295 Simonidem
620 3251 750 3294 auctorem
762 3241 878 3293 nominat
892 3239 936 3308 (ef.
949 3239 1040 3310 Bergk.
1054 3260 1080 3311 p.
1094 3239 1139 3307 8,),
1153 3239 1221 3311 quod
1234 3258 1286 3292 non
1299 3241 1383 3293 minus
1396 3240 1498 3292 falsum.

520 3333 571 3386 Sed
586 3333 662 3385 etiam
677 3329 768 3400 ἔθρεψε
782 3332 803 3384 si
816 3330 953 3402 praeferas,
966 3340 1051 3384 tamen
1065 3332 1091 3384 in
1104 3341 1232 3383 mortuum
1245 3331 1398 3396 Pausaniam
1413 3331 1570 3402 epigramma
1582 3332 1753 3402 compositum
1765 3332 1875 3396 videtur,
1894 3333 1963 3404 quod
1977 3331 2007 3384 ab

447 3424 606 3496 Empedocle
620 3424 731 3476 alienum
744 3431 791 3475 est.
822 3423 938 3475 Karsten.
952 3432 1039 3474 contra
1051 3423 1190 3476 lectionem
1207 3420 1288 3488 ἔθαψε
1311 3421 1437 3487 observat,
1455 3422 1504 3474 boc
1522 3421 1679 3476 vocabulum
1699 3422 1763 3475 nihil
1782 3422 1933 3495 significare,
1950 3425 2008 3488 nisi,

447 3515 556 3586 patriam
570 3533 627 3566 eum
641 3514 743 3586 publico
758 3522 842 3566 sumtu
856 3512 987 3577 extulisse,
1004 3532 1088 3584 neque
1104 3513 1154 3566 hoc
1167 3513 1194 3565 in
1207 3513 1313 3567 divitem
1326 3512 1456 3565 hominem
1469 3512 1600 3583 quadrare.
1632 3509 1684 3566 Sed
1702 3531 1792 3583 perum
1808 3513 1948 3585 probabile.
1980 3519 2009 3567 lu

447 3606 523 3658 tertio
537 3624 602 3659 vers.
616 3606 691 3660 nuth.
704 3604 758 3658 Pel.
771 3614 798 3658 et
809 3605 895 3657 Plan:
910 3593 936 3662 ὃς
947 3600 1081 3664 πλείστους
1093 3608 1220 3676 κρυιραῖσι
1232 3602 1421 3675 μαραινομίνους
1432 3591 1478 3655 τίτί
1491 3593 1597 3663 νοιίσοις.
1623 3606 1653 3656 In
1666 3614 1756 3674 quarto
1769 3605 1845 3660 anth.
1857 3625 1904 3677 pro
1918 3598 2010 3658 ιίδοίτονν

448 3697 506 3750 hab.
519 3689 650 3764 θαλάμων.
1961 3687 1969 3696 Ἀ

486 3790 521 3858 (c)
558 3793 652 3844 Sextus
664 3793 738 3862 Emp.
751 3791 892 3862 praemittit
904 3790 966 3844 haec
982 3809 1006 3861 p.
1019 3786 1086 3841 2162
1108 3781 1188 3842 ἄλλοι
1201 3787 1228 3841 bl
1241 3779 1303 3856 ἦσαν
1315 3789 1341 3841 sl
1353 3789 1467 3858 λέγοντες
1485 3782 1547 3842 κατοί
1562 3781 1604 3842 τδν
1621 3784 1662 3841 Έ.
1675 3781 1796 3861 κριτήριον
1813 3787 1877 3845 τίνοι
1893 3793 1936 3859 τῆς
1948 3788 2013 3857 ιίλη-·

449 3877 524 3940 θείας
537 3875 564 3931 cri
575 3872 620 3939 τδς
633 3873 767 3946 αἰσθήσεις
779 3871 849 3936 etad
861 3875 902 3934 τίν
917 3871 994 3951 ίρθίν
1005 3870 1089 3950 λα’ρον,
1104 3877 1148 3934 cod
1159 3880 1187 3933 dl
1201 3874 1280 3951 o’pSeri
1291 3870 1370 3949 λίνου
1381 3870 1423 3932 τίν
1436 3879 1479 3952 μίν
1491 3899 1545 3932 τινα
1557 3883 1629 3933 Seiae
1642 3872 1773 3954 νίποίρχοιν,
1791 3873 1833 3935 τίν
1846 3882 1874 3936 dl
1887 3876 2010 3955 οἷνθριίιτι.

450 3994 497 4038 νον,
512 3962 541 4024 ὧν
553 3960 594 4023 τίν
607 3969 649 4040 μίν
661 3973 732 4022 θεῖον
745 3968 888 4042 οἲνίξοιστον
901 3968 977 4038 εἶναι,
994 3963 1038 4023 τίν
1052 3971 1079 4023 dl
1098 3962 1248 4044 οίνθροίινινον
1262 3963 1383 4040 ἐξοιστίν,
1399 3973 1430 4024 de
1444 3971 1535 4044 quibus
1547 3973 1618 4037 vide,
1637 3991 1702 4043 quae
1715 3973 1794 4026 altera
1807 3975 1882 4028 buius
1895 3975 2010 4047 disputa-

450 4065 528 4119 tionis
540 4073 612 4134 parte
626 4061 742 4116 diximus.
774 4065 876 4118 Deinde
888 4085 912 4137 p.
924 4064 988 4120 217:
1007 4061 1077 4132 λέγει
1097 4062 1124 4114 δί
1141 4063 1195 4135 περί
1209 4061 1251 4132 μὶν
1262 4062 1306 4114 τοῦ
1319 4057 1352 4133 μη
1369 4063 1392 4114 ἐν
1408 4069 1463 4123 ταῖς
1481 4053 1624 4132 αἰσθήσεσι
1635 4053 1677 4126 τὴν
1695 4062 1776 4132 κρίσιν
1791 4060 1920 4131 τνίληθοῢς
1935 4060 2011 4138 κίταρ-

450 4176 509 4229 χτιι
522 4141 608 4212 οὗτος·
623 4152 749 4204 οτενιυιιοί
761 4175 784 4205 κ.
793 4174 816 4206 τ.
827 4159 853 4208 λ.
870 4155 961 4223 (2-9),
971 4154 1063 4207 deinde
1076 4155 1185 4209 ibidem:
1204 4154 1260 4224 περὶ
1273 4153 1300 4206 dl
1311 4153 1355 4206 ccii
1369 4144 1401 4223 μη
1414 4149 1476 4206 riuus
1489 4155 1524 4213 τὶς
1534 4145 1564 4204 τί
1573 4154 1691 4214 παντολδς
1702 4146 1811 4222 ἄληπτον
1822 4149 1865 4224 την
1877 4149 2009 4224 ἀλήθειαν,

452 4243 510 4300 ἀλλ’
520 4241 557 4315 ἐφ’
570 4234 628 4296 ἶσον
641 4244 741 4296 ίκνοῒται
755 4238 928 4316 ίᾶνθριίιιινος
936 4235 1013 4316 λίρος
1024 4237 1118 4312 ληπτὴν
1130 4237 1261 4320 ίιτιίρχοιι,
1274 4245 1395 4316 διασαφεῖ
1404 4251 1457 4306 τοῖς
1467 4244 1634 4317 τροκειμίνοις
1647 4245 1772 4319 ἔπιψίραν·
1784 4241 1815 4300 cd
1825 4238 2009 4319 [spirae-t.

453 4343 517 4411 (seq,
530 4358 571 4395 vv.
585 4336 684 4403 9.10).
712 4335 839 4390 Prellerns
860 4338 921 4391 olim
939 4328 1094 4405 manuducens
1112 4338 1252 4391 secundum
1273 4337 1414 4408 Theophr.;
1433 4338 1488 4390 sine
1505 4339 1568 4402 iure,
1585 4339 1736 4407 praesertim
1750 4357 1828 4410 qaum
1846 4340 1965 4412 Empad.,
1984 4351 2012 4394 ut

451 4429 577 4500 Berglius
591 4437 658 4480 recte
671 4426 798 4493 observat,
811 4427 941 4483 adiectiva
950 4429 977 4481 iu
989 4457 1014 4468 -
1028 4422 1090 4488 νοτίς
1103 4430 1223 4482 exeuntia
1235 4427 1343 4482 adamat.

524 4521 619 4572 Versus
633 4520 649 4569 3
663 4527 749 4570 exstat
761 4519 837 4571 etiam
850 4537 890 4591 ap.
902 4520 959 4571 Pro
968 4520 1049 4572 olum
1061 4520 1088 4572 in
1102 4520 1168 4586 Tim.
1181 4540 1206 4591 p.
1221 4520 1279 4574 175.
1293 4518 1339 4571 ita:
1352 4511 1439 4570 τολλιί
1452 4517 1480 4570 bl
1492 4512 1569 4571 διίι’
1580 4516 1652 4572 ἔστιν
1665 4517 1744 4590 [Cod.
1754 4525 1784 4574 Α.
1798 4516 2011 4594 διῖνίιιοα.’Τορ-

452 4612 492 4664 lor
504 4610 568 4663 nihil
579 4609 629 4662 nisi
640 4603 719 4669 τοίςτε
729 4608 890 4662 scribendum
900 4611 1014 4664 ostendit
1026 4621 1052 4664 et
1064 4609 1152 4664 vertit:
1166 4613 1248 4682 lllaoy
1260 4609 1314 4662 dire
1326 4610 1413 4663 words
1426 4610 1478 4662 and
1491 4629 1561 4663 cares
1575 4611 1672 4666 obtund
1685 4610 1728 4663 the
1741 4605 1842 4684 mind.']
1855 4605 1887 4664 τοί
1894 4631 1920 4662 τε
1931 4606 2009 4681 οίρβλ

454 4723 508 4773 μορ.
534 4700 614 4754 Addit
625 4701 700 4755 baec:
713 4692 799 4752 πολλοὶ
810 4691 857 4769 ροίρ
871 4696 1060 4769 ῦμτιίιιτοντα
1072 4706 1126 4760 τοῖς
1139 4689 1211 4761 ὅντως
1223 4695 1279 4771 ἡμῖν
1293 4699 1416 4762 δειλοῖς
1433 4701 1510 4771 (Cod.
1525 4705 1555 4755 A.
1569 4700 1667 4769 δηλοῖς)
1687 4694 1717 4760 uic
1727 4694 1827 4773 ‘paysius
1845 4691 1947 4756 θιίθοί
1964 4698 2011 4772 dp.

454 4785 540 4857 βλίιοι
550 4783 593 4858 την
605 4792 649 4844 suiv
662 4783 735 4845 ίντοιν
746 4789 863 4859 διωρίαν.
895 4793 926 4844 In
939 4791 988 4844 boc
1001 4803 1086 4846 autem
1099 4791 1273 4846 additamento
1286 4792 1396 4864 vestigia
1409 4804 1469 4846 sunt
1480 4811 1556 4846 verae
1569 4793 1715 4863 scripturae.
1743 4796 1772 4846 In
1784 4791 1875 4850 Sexti
1888 4794 1947 4848 loco
1961 4793 2012 4846 δον.

453 4884 549 4954 λεμπία
563 4885 625 4948 Cin,
639 4885 762 4954 Regiom„
776 4883 837 4936 edit.
854 4884 951 4936 Gener.
965 4893 991 4936 et
1004 4884 1114 4952 (omisso
1128 4883 1247 4954 accentu)
1259 4884 1314 4938 cod.
1325 4885 1426 4938 Vratisl.
