4500 5666
1187 415 1229 488 ll

1094 529 1327 558 m

428 675 541 762 legere.
588 673 651 739 Alii
673 683 775 740 musco
805 672 867 739 slio
889 671 995 738 modo.
1039 671 1199 738 Plutarchi
1220 675 1302 737 enim
1329 669 1427 738 verba
1454 683 1600 740 accurate
1628 685 1770 756 secutus,
1799 699 1894 764 quum
1917 679 1992 744 nibil

428 791 489 852 nisi
516 789 714 873 prooemium
737 783 913 872 siguificare
934 788 995 871 ipsi
1022 783 1217 862 viderentur,
1244 786 1427 850 Karstenius
1454 783 1526 850 illos
1553 807 1677 866 versus,
1699 791 1821 854 omissis
1843 793 1880 855 iis
1909 813 1991 877 quos

428 897 569 964 nondum
592 908 724 963 noverat
747 906 800 962 aut
823 917 907 982 quos
930 895 1084 960 cumillis
1108 898 1294 961 coniunctos
1318 915 1387 960 esse
1409 915 1475 962 nou
1490 894 1619 976 viderat,
1641 902 1673 963 iu
1695 903 1784 964 initio
1807 905 1903 968 totius
1926 925 1992 968 car-

428 1015 518 1075 minis
541 1010 665 1096 physici
687 1012 808 1094 posuit;
832 1011 999 1092 statimque
1020 1011 1058 1071 iis
1081 1005 1210 1084 addidit,
1233 1027 1323 1090 quae.
1347 1005 1473 1072 aliunde
1495 1011 1635 1093 repetita,
1658 1016 1828 1097 argumenti
1851 1013 1991 1078 similitu-

428 1119 502 1186 dine
524 1122 586 1186 huc
609 1123 764 1206 pertinere
786 1117 983 1198 videbantur,
1005 1128 1041 1181 ut
1062 1137 1172 1182 tersus
1196 1115 1335 1184 tae-37.

551 1228 627 1316 οἴμοι
646 1229 684 1298 ir’
707 1231 739 1296 ού
761 1227 877 1312 caladia
896 1241 1007 1307 κ.τ.λ.,
1029 1232 1061 1292 iu
1085 1226 1202 1313 quibus
1224 1231 1367 1311 queritur
1380 1228 1589 1313 Empedocles
1611 1230 1700 1315 quod
1724 1233 1900 1299 animalium
1925 1257 1992 1300 car-

428 1365 499 1410 nem
522 1342 687 1411 nefandam
709 1363 776 1408 non
797 1344 961 1427 respuerit,
983 1338 1099 1405 deiude
1120 1339 1209 1418 alios,
1233 1341 1353 1405 ut390.
1369 1339 1444 1404 391.
1460 1342 1533 1406 385.
1551 1339 1622 1406 tot.
1641 1341 1713 1406 402.
1729 1345 1900 1414 att-380:
1917 1346 1992 1414 aidd-

427 1483 483 1542 psas
501 1453 556 1540 μὲν
577 1449 637 1540 γάρ
658 1463 721 1542 σφι
741 1449 825 1539 με’νοσ
844 1479 872 1518 οι.
883 1478 909 1518 τ.
926 1465 958 1520 λ.
985 1451 1025 1516 de
1048 1449 1164 1537 quibus
1187 1473 1291 1537 supra.
1336 1451 1519 1518 Nonnullae
1547 1463 1648 1517 tamen
1675 1473 1786 1520 versus
1813 1455 1992 1523 dubitanter

428 1565 489 1631 illis
513 1565 734 1644 adnumeravit,
763 1563 803 1630 dc
832 1586 894 1650 qua
917 1585 953 1628 re
974 1561 1055 1636 vide.
1080 1584 1162 1647 quae
1181 1559 1229 1626 ad
1251 1585 1281 1626 v.
1304 1560 1367 1628 436
1392 1569 1434 1643 (v.
1457 1565 1492 1646 9)
1522 1561 1700 1650 adscripsit:
1721 1569 1834 1630 ‘tamen
1863 1573 1889 1631 si
1920 1575 1991 1654 quis

428 1681 509 1742 iutcr
530 1675 702 1759 κοθορμοῠς
721 1677 838 1740 relcrre
860 1674 954 1754 malit,
978 1685 1013 1738 ut
1034 1675 1107 1738 lecit
1130 1673 1283 1752 Stenius,
1305 1673 1382 1738 nibil
1405 1673 1518 1740 obstat
1542 1696 1572 1759 p.
1591 1676 1668 1739 163:

560 1788 620 1853 atti
645 1787 790 1860 editores,
813 1796 846 1851 ut
870 1785 1032 1872 liergltius,
1055 1806 1165 1850 versus
1187 1785 1392 1852 aPlutarcbo
1414 1788 1445 1850 in
1468 1788 1621 1871 prooemii
1644 1785 1717 1852 loco
1739 1791 1860 1873 positos
1883 1802 1991 1875 postc-

429 1903 544 1965 riorem
566 1911 686 1986 partem
708 1899 912 1984 praelationis
938 1898 1095 1976 lecerunt,
1124 1899 1167 1961 ita
1196 1907 1231 1962 ut
1259 1897 1416 1962 Plutarchi
1443 1895 1549 1962 verbis
1578 1917 1644 1962 cam
1672 1920 1764 1985 quam
1793 1905 1891 1965 secuti
1919 1915 1992 1966 sunt

430 2009 615 2097 disponendi
639 2015 800 2090 rationem,
823 2012 943 2074 munire
966 2029 1031 2075 uon
1054 2012 1185 2095 possint.

560 2123 680 2188 Nexum
705 2133 807 2187 autem
830 2125 856 2186 si
879 2131 1002 2206 spectas
1029 2123 1264 2198 sententiarum,
1293 2141 1375 2207 quac
1402 2119 1574 2186 secundum
1601 2119 1684 2186 illam
1707 2123 1990 2209 interpretationem

429 2233 598 2300 verborum
626 2234 756 2325 ἐνοίρχῇ
776 2237 825 2306 τοῖς
845 2229 1031 2322 φιλοσοφίας
1053 2235 1085 2296 in
1107 2230 1308 2317 Empedoclis
1336 2235 1501 2317 prooemio
1525 2233 1673 2317 coniungi
1700 2231 1872 2312 debebant,
1900 2236 1991 2301 valde

428 2344 590 2424 mirabere,
613 2345 685 2410 talia
705 2349 736 2410 iu
760 2346 884 2431 physici
907 2346 1050 2408 carminis
1071 2343 1203 2407 exordio
1227 2343 1336 2408 doceri
1358 2363 1462 2429 posse.
1507 2343 1587 2407 Nam
1611 2362 1719 2427 parum
1743 2347 1909 2412 verisimile
1936 2361 1991 2426 est,

428 2457 651 2543 Empedoclem
675 2462 706 2523 in
729 2461 787 2520 ista
809 2456 1003 2541 praelatione
1026 2477 1129 2519 rerum
1153 2455 1339 2520 naturalium
1362 2454 1475 2518 doctae
1492 2458 1679 2540 expositioni
1703 2455 1992 2544 elementorumque

429 2573 579 2654 copiosae
607 2567 808 2653 descriptioni
837 2569 1059 2652 praeposuisse
1087 2566 1165 2630 tales
1189 2565 1334 2652 ambages
1358 2564 1400 2630 de
1428 2565 1615 2632 daemonum
1643 2566 1740 2632 llebili
1769 2569 1860 2634 exilio
1888 2568 1992 2656 deque

429 2703 537 2746 eorum
560 2684 652 2744 variis
676 2677 912 2766 migrationibus
937 2701 973 2742 ac
997 2677 1202 2742 descensione
1228 2681 1259 2742 in
1282 2681 1398 2741 tristem
1427 2689 1528 2743 terrac
1551 2677 1747 2763 speluncam,
1777 2701 1858 2765 quae
1889 2686 1993 2746 omnia

427 2792 527 2858 multo
550 2796 652 2878 aptius
671 2794 702 2856 in
724 2793 858 2876 mystico
882 2789 936 2853 illo
960 2788 1134 2854 lustralium
1158 2793 1293 2854 carmine
1315 2788 1501 2876 legerentur.
1546 2789 1623 2874 Quo
1646 2789 1775 2869 accedit,
1799 2802 1832 2855 ut
1855 2792 1992 2858 Sicinius

427 2915 542 2982 monet,
566 2902 655 2990 quod
679 2925 715 2968 er
738 2903 798 2966 alia
819 2903 973 2987 prooemii
999 2912 1088 2986 parte
1112 2908 1223 2980 (vcrss.
1243 2904 1364 2984 l-23.),
1393 2923 1485 2986 quam
1514 2905 1637 2965 nemine
1665 2900 1862 2986 obloquente
1884 2925 1991 2969 omnes

428 3017 494 3081 lere
516 3015 662 3093 editores,
691 3018 748 3079 etsi
771 3025 910 3078 veterum
935 3015 1117 3076 testimoniis
1140 3027 1214 3078 nou‘
1230 3011 1336 3092 adiuti,
1366 3017 1397 3077 in
1420 3015 1587 3098 prooemio
1610 3023 1802 3096 posuerunt,
1828 3017 1991 3100 imaginem

427 3131 583 3214 prooemii
614 3125 706 3190 nobis
737 3124 826 3189 aliam
856 3123 1009 3210 fingamus
1038 3145 1167 3188 neccsse
1196 3134 1257 3202 cst,
1286 3145 1379 3208 quam
1404 3145 1485 3209 quae
1513 3126 1593 3186 sinat
1616 3122 1772 3186 Plutarchi
1795 3145 1905 3187 versus
1931 3126 1992 3189 buc

428 3239 544 3304 reierri.
579 3237 629 3302 nd
649 3237 824 3303 lustralium
847 3240 1085 3331 igitur'carmen
1108 3236 1213 3300 locrrm
1237 3235 1322 3299 illum
1347 3233 1420 3302 ἔστιν
1442 3235 1574 3321 ἀνάγκης
1593 3235 1703 3318 >minc
1724 3246 1781 3299 ctc.
1797 3237 1903 3319 potius
1920 3257 1991 3319 pcr-

428 3355 526 3416 tinere
551 3349 661 3415 credes
686 3347 868 3435 opinor(¹),
888 3369 991 3432 neque
1012 3345 1171 3411 dubitabis
1195 3348 1256 3412 boe
1278 3347 1447 3412 Plutarcho
1472 3346 1714 3426 concederent
1738 3350 1827 3411 etiam
1851 3347 1991 3412 lustra-

428 3461 518 3526 lium
542 3482 666 3526 carmcu
690 3465 877 3545 φιλοσοφίας
899 3457 1058 3524 vocabulo
1081 3459 1261 3545 simpliciter
1284 3463 1385 3543 possit
1408 3463 1513 3524 citare.
1551 3460 1627 3523 Duo
1648 3462 1740 3544 igitur
1757 3457 1991 3541 quodammodo

465 3647 508 3717 (¹)
544 3651 609 3704 Rem
622 3649 715 3703 confici
728 3649 792 3702 dicit
805 3649 920 3702 Sicinius
933 3665 1086 3720 omnemque
1099 3647 1285 3700 dubitationem
1298 3649 1355 3701 tolli
1368 3649 1409 3712 iis,
1423 3665 1489 3718 qnae
1500 3649 1652 3702 Plutarchus
1664 3647 1779 3702 versibus
1792 3647 1844 3700 illis
1858 3649 1991 3702 conduna-

429 3741 502 3805 rcrit,
514 3751 542 3794 ut
555 3761 620 3813 quae
635 3759 684 3793 nou
699 3741 790 3804 minos,
805 3758 881 3809 quam
894 3739 979 3810 priora
992 3739 1190 3810 explicationem
1202 3739 1329 3810 quandam
1343 3758 1463 3792 versuum
1476 3739 1708 3810 Empedoclcorum
1722 3739 1889 3793 continerent.
1909 3741 1993 3794 Verba

428 3842 513 3885 eutem
530 3843 590 3886 sont
606 3833 684 3886 haec:
701 3825 755 3903 σιῖχ
769 3821 861 3894 lauris,
874 3825 937 3882 ἄλλ’
949 3825 992 3896 ἐφ’
1001 3829 1088 3894 §coceii
1104 3819 1196 3888 κίστας
1213 3825 1369 3882 insederam
1386 3823 1538 3900 μοτσνοῖστας
1555 3829 1660 3882 ineius
1678 3829 1718 3880 ascl
1737 3831 1820 3898 ξένους
1831 3830 1871 3882 sol
1883 3823 1993 3904 φυγοῖδας

428 3915 489 3990 sipia
502 3913 581 3982 ierac.
610 3917 651 3976 Ου’
663 3911 709 3990 γοῖρ
724 3917 794 3990 cipis,
808 3917 892 3990 φησίν,
906 3915 963 3992 ἡμῖν
976 3917 1032 3972 aridi
1043 3920 1136 3991 scripu
1148 3922 1295 3990 mpspciris,
1311 3911 1476 3992 diamasa,
1491 3917 1576 3993 ψυχῆς
1594 3916 1678 3972 adesim
1695 3915 1736 3972 sal
1754 3915 1837 3995 slpxals
1853 3922 1990 3996 πορίσχοο,

429 4009 488 4067 itt'
499 4014 525 4066 hs
536 4005 627 4068 eadem
638 4003 667 4064 sd
680 4012 750 4078 σῦμο
762 4011 964 4079 συμπέπλασται,
982 4011 1078 4082 perperis
1095 4007 1137 4064 sal
1154 4002 1254 4076 Scepsis,
1269 4009 1313 4076 οῆς
1325 4007 1352 4063 di
1364 4011 1450 4086 ψυχῆς
1461 4002 1616 4084 σ’λλοιχὸθον
1634 4001 1739 4077 ἡκούσης
1756 4011 1827 4084 δεῦρο
1844 4005 1887 4078 cip
1898 4013 1992 4083 γένεσιν

429 4099 566 4174 ι’ποδημίοο
583 4099 761 4172 οἷκοοοορίζοταο,
779 4105 813 4170 τῦ
829 4096 956 4174 :passiva
972 4104 1017 4156 τῦο
1036 4093 1170 4174 dvopsisur·
1188 4093 1217 4154 si
1234 4095 1449 4170 δὀἶληθέστστον,
1467 4093 1551 4173 φοῦγοο
1563 4102 1603 4154 sal
1614 4103 1738 4156 πλανέτοι
1750 4102 1834 4163 &sisse
1846 4103 1990 4174 lhcurapisn

428 4187 536 4265 ddyttm
548 4197 588 4250 uel
602 4187 694 4264 'ductu‘
709 4190 772 4260 εἶτα,
786 4185 867 4264 ὅπερ
881 4195 905 4245 iv
918 4187 981 4262 ssia-q
995 4186 1075 4248 cs'hcs
1088 4187 1186 4269 ixadcq
1198 4185 1283 4257 mltis,
1303 4185 1416 4267 ιιιθοῖοοορ
1430 4197 1503 4262 φησὶν
1517 4188 1531 4249 i
1545 4185 1662 4257 illiricos,
1681 4189 1786 4266 despice
1797 4183 1886 4264 spissi
1899 4193 1990 4246 taenea.

427 4287 484 4356 pira
495 4289 530 4354 sii
542 4280 646 4358 cuipare,
661 4277 703 4338 issi
713 4277 743 4338 sd
756 4280 788 4356 pq*
801 4277 954 4356 prqucasdssv
967 4282 1022 4355 μηδ’
1032 4282 1171 4356 οἶοιφίριισ,
1183 4286 1210 4354 ig
1223 4279 1276 4349 οἴης
1286 4283 1357 4354 sepiis
1367 4305 1394 4338 ss
1407 4287 1446 4338 sci
1461 4275 1539 4338 lacae
1549 4277 1636 4354 μήκους
1649 4276 1731 4350 illico
1742 4285 1953 4356 preterquam.
1961 4289 1987 4338 λ.

427 4381 460 4432 Et
474 4397 535 4432 vero
548 4397 630 4450 paene
643 4378 730 4430 omnia
743 4395 808 4447 quae
818 4380 884 4433 Plut.
898 4378 938 4430 his
951 4377 1036 4432 verbis
1051 4386 1240 4437 commemorat,
1254 4377 1279 4428 in
1293 4378 1425 4444 οισιθσρμῦο
1437 4387 1613 4448 argumentum
1624 4377 1734 4450 perbene
1743 4376 1873 4448 quadrant,
1887 4376 1912 4428 in
1923 4377 1989 4448 phy-

427 4471 537 4524 cicorum
550 4487 601 4523 non
615 4469 686 4522 bene.
702 4463 771 4538 [Sed
784 4468 847 4522 illud
861 4464 889 4522 od
901 4460 948 4539 yslp
961 4465 1024 4540 cipe
1036 4465 1093 4538 ripis
1106 4464 1162 4521 aridi
1176 4487 1230 4536 aas.
1240 4469 1267 4518 λ.
1282 4468 1384 4522 videtur
1397 4467 1529 4538 ephysico
1543 4469 1654 4521 carmine
1668 4468 1854 4540 interpositum,
1867 4477 1894 4518 ut
1908 4485 1991 4539 oppo-

427 4561 487 4615 sitio
501 4559 601 4631 pienior
613 4556 706 4630 assat]
726 4559 853 4630 Equidem
867 4561 985 4632 «quamvis
999 4561 1025 4612 in
1037 4562 1184 4614 uuiversum
1197 4558 1257 4610 lruic
1270 4559 1328 4612 loco
1343 4579 1393 4613 non
1407 4567 1504 4612 tanturn
1517 4559 1628 4612 tribuere
1641 4559 1726 4621 velim,
1741 4567 1861 4629 qnantum
1876 4559 1990 4614 Steinius

426 4652 521 4716 tntum
540 4661 624 4704 tameo
639 4651 687 4702 hoc
702 4669 803 4712 moneo,
824 4651 893 4720 quod
905 4651 968 4704 mihi
981 4651 1161 4723 gravissimum
1173 4650 1288 4702 videtur:
1308 4651 1390 4704 Totus
1409 4649 1574 4720 Empedoclis
1587 4651 1672 4712 loeus,
1692 4649 1758 4702 uude
1775 4647 1927 4702 Plutarchus
1941 4652 1991 4704 ists

427 4741 505 4798 rerha
517 4741 611 4802 haesit,
623 4759 675 4794 noc
688 4741 721 4794 sd
734 4757 812 4796 snum
826 4741 1015 4810 (Pausaniam),
1028 4742 1074 4796 sed
1087 4741 1121 4794 sd
1133 4739 1277 4810 conplures
1290 4741 1401 4795 directus
1410 4737 1518 4792 videtur.
1534 4739 1595 4794 lude
1605 4741 1706 4812 explico
1716 4737 1779 4790 illud
1791 4729 1810 4789 i
1822 4729 1989 4811 ἅνθρωποι,

428 4834 505 4904 qaod,
519 4831 592 4905 qnasi
607 4847 640 4884 ex
652 4831 818 4903 Empedoclis
832 4831 917 4886 verbis
930 4843 1050 4896 sumtum,
1064 4833 1173 4886 orationi
1186 4831 1276 4884 inserit
1284 4831 1440 4886 Plutarchus.
1461 4830 1503 4884 0b
1517 4849 1573 4884 aaut
1583 4849 1644 4884 cero
1658 4847 1709 4882 rem
1721 4829 1807 4882 locam
1821 4847 1871 4884 oon
1881 4832 1915 4886 sd
1925 4831 1991 4906 phy·

428 4925 490 4988 sica,
503 4923 550 4978 sed
563 4921 651 4996 potios
664 4922 695 4973 sd
710 4923 825 4976 lustralia
837 4925 971 4994 pertinere,
984 4926 1035 4978 ism
1048 4922 1242 4996 supradictum.

1751 5029 1788 5098 οὶ.
