4500 5666
1193 383 1239 455 13

1098 494 1330 524 mmmm

791 636 899 724 τοῦρον
918 633 950 705 dl
970 636 1044 726 [eris
1062 637 1149 716 sifilae
1169 637 1255 726 μίρος
1273 634 1442 726 οἰθριίσοονπες

733 773 753 814 ο.
791 747 935 840 ὠκύμοροι
954 755 1074 816 ιεοοπνοῒο
1095 748 1173 825 δίκην
1183 749 1309 838 οίρθίντες
1326 752 1469 830 οἰπίπτοον,

789 860 864 930 eriri
883 857 968 946 μίνον
990 857 1153 941 reteldus,
1173 860 1230 950 ίπῳ
1247 863 1435 950 προσέκυρσεν
1457 861 1580 935 ίιιοεστοτ

786 970 904 1041 ποίντοσ’
926 967 1130 1058 ι’λοουνίροενος·
1148 968 1181 1040 ri
1200 973 1226 1040 δ’
1235 973 1302 1042 ’ίλον
1320 970 1400 1062 paride
1420 967 1543 1058 εὖχοτοοε
1563 980 1663 1062 aipein·

787 1083 876 1156 οὕτως
897 1078 951 1152 οὔτΙ
977 1079 1131 1171 ι’πιδὶριετοί
1149 1083 1217 1151 rrid'
1243 1083 1378 1172 rirdpra‘crr
1400 1085 1460 1152 οὐδ’
1479 1085 1651 1156 ε’ποοιιουστοῖ

787 1189 853 1264 οὔτε
871 1193 924 1284 νίῳ
944 1192 1118 1286 περιληπτεί.
1139 1193 1178 1263 sti
1198 1195 1227 1264 δ’
1237 1192 1293 1277 οὖν,
1313 1191 1373 1264 ε’πεί
1392 1191 1442 1263 dt
1454 1192 1596 1276 ε’λιοίσθνις,

732 1331 765 1374 ra.
787 1306 910 1374 sericam
931 1310 964 1375 eri
985 1307 1074 1375 πλίον
1092 1301 1147 1394 οἶγε
1168 1309 1279 1393 βροτείη
1299 1309 1386 1393 pines
1408 1300 1514 1395 ίρονρεν.

506 1477 631 1532 Conferas
642 1485 774 1547 praeterea
786 1476 898 1530 similem
909 1477 996 1530 locum
1008 1476 1209 1548 Empedoclenm
1224 1495 1240 1528 a
1251 1477 1299 1529 Ps.
1314 1477 1398 1548 Orig.
1418 1487 1546 1530 servatum
1558 1495 1583 1548 p.
1596 1477 1656 1529 252.
1669 1475 1713 1528 ubi
1725 1475 1810 1530 codex
1821 1471 1896 1548 μυρίοι
1909 1476 1990 1543 δῆλεε

431 1569 549 1624 attense
560 1558 612 1620 sra's'
624 1557 780 1638 ι’μβλιίιοοσν
792 1565 915 1637 μίρεμιοιι,
935 1567 1006 1638 quod
1018 1567 1072 1620 levi
1084 1567 1226 1620 mutatione
1239 1566 1311 1619 dedit
1323 1567 1483 1620 Steinius:
1503 1565 1577 1646 μυρίοι
1594 1565 1625 1618 δε
1633 1556 1685 1618 ελεί
1696 1565 1814 1619 πέλονται
1825 1559 1879 1618 seis'
1891 1559 1991 1637 οίμβλί-

431 1679 502 1714 saoce
515 1656 672 1730 μερίμνας.
700 1657 902 1712 Schneidsw.
920 1659 1069 1730 scripserat:
1094 1651 1160 1710 δείλ’
1171 1649 1469 1728 οἷπίλοιμνο-μερίμιας.
1494 1657 1990 1722 Meinekius,Zeitscbriftfalt1852

430 1755 474 1806 Ν.
487 1747 552 1806 376:
573 1739 658 1800 deteri
669 1739 804 1801 πίλεεπεί
821 1740 1097 1819 τὀἰποιμβλιίνονσι
1114 1746 1275 1819 μίριμνιοι,
1293 1738 1309 1813 ἦ
1327 1741 1426 1820 σἐίψαρ
1443 1752 1549 1813 scr-M
1565 1749 1708 1819 nuperrime
1725 1749 1817 1821 Bergk.
1837 1743 1905 1820 μυρί’
1917 1741 1992 1814 ἄδηλ’

431 1841 530 1916 ipsura,
543 1862 566 1894 νο.
579 1860 603 1893 τ.
617 1843 644 1891 λ.
660 1869 692 1880 -
711 1842 741 1892 lu
757 1840 803 1893 illo
821 1840 895 1893 Sexti
912 1840 971 1892 loco
991 1841 1087 1894 conice.
1106 1841 1187 1894 Scal.
1206 1830 1266 1906 δῆνί
1289 1837 1380 1904 instra,
1401 1839 1525 1892 Fabric.
1545 1837 1689 1910 dethrpzip'a,
1708 1841 1808 1894 Stura.
1821 1834 1880 1892 δείν’
1893 1837 1989 1892 bacen.

431 1934 611 2006 Emperins,
630 1930 700 2002 quod
719 1931 770 1984 iam
787 1930 950 2001 Bergkius
967 1931 1213 1996 volueratscribers,
1231 1921 1295 1982 δείλ’
1313 1927 1411 2000 ίμποεο.
1445 1932 1547 1984 Karst
1566 1925 1623 1982 δείν’
1645 1929 1744 2003 ίμποεεοι.
1775 1931 1881 2002 Steph.
1893 1931 1991 2002 recepit

431 2025 529 2080 Procli:
543 2018 679 2075 tete’tne.
711 2022 837 2093 Bergkius
849 2021 920 2092 prius
934 2023 1136 2094 excogitaverat:
1150 2018 1307 2092 δείν’ίμεοοι.
1334 2021 1505 2075 Prellsrus
1518 2022 1666 2093 scripserat:
1681 2014 1903 2087 δείλ’ίοεοετιίτε,
1917 2032 1989 2094 post-

432 2137 464 2172 ea
474 2116 553 2171 verba
565 2113 647 2168 edidit
660 2122 691 2164 at
701 2130 779 2183 supra
790 2121 850 2165 sunt
862 2111 983 2166 exhibita.
1013 2115 1087 2166 Nunc
1100 2105 1326 2184 Berghinseelhei
1339 2102 1439 2177 δὀίδηλ
1460 2108 1562 2181 iuncea,
1583 2134 1605 2164 ιι.
1619 2132 1641 2167 τ.
1654 2115 1682 2164 λ
1697 2143 1729 2154 -
1751 2112 1829 2181 Quod
1841 2113 1989 2166 Karsteuius

432 2219 521 2262 contra
534 2200 613 2258 δείλ’
629 2201 720 2271 ἓμιεοιιοε
733 2202 861 2268 observat,
879 2203 938 2256 huic
951 2202 1078 2256 vocabulo
1092 2222 1194 2275 semper
1205 2206 1291 2258 inesse
1304 2205 1436 2258 notionem
1449 2203 1598 2256 malitiae
1617 2214 1644 2256 et
1655 2203 1850 2276 pravitatis,
1863 2203 1890 2255 id
1901 2221 1991 2274 parum

431 2299 509 2364 valet,
520 2315 579 2350 nam
592 2285 676 2346 δειλίι
689 2293 812 2364 estquod
825 2294 852 2346 vi
865 2305 942 2359 caret,
955 2295 1033 2365 idque
1046 2293 1079 2346 ob
1091 2296 1184 2348 vitium
1197 2294 1286 2366 fragile
1300 2305 1348 2360 est,
1360 2295 1481 2346 miserum
1494 2305 1570 2365 atqua
1583 2294 1669 2366 fugant
1682 2293 1714 2348 cf
1727 2294 1845 2348 Nitascb.
1857 2294 1890 2348 ad
1903 2294 1952 2348 Od
1967 2298 1989 2346 8.

432 2393 494 2455 351,
508 2400 534 2442 et
545 2388 595 2440 hoc
608 2386 705 2456 optime
720 2383 746 2436 in
757 2382 826 2436 huuc
838 2384 924 2437 locum
937 2385 1061 2456 quadrare
1074 2386 1131 2457 quis
1146 2395 1187 2438 est
1201 2387 1262 2456 quin
1275 2385 1380 2440 videat?

468 2481 503 2551 (a)
541 2481 652 2536 Codices
666 2480 730 2544 cia,
743 2481 813 2550 ng.,
825 2480 904 2544 Vrat,
918 2479 958 2535 ed.
970 2480 1070 2535 Fabric.
1088 2481 1166 2548 ζιιῆσε
1180 2477 1246 2548 βίον,
1266 2481 1306 2534 ed.
1321 2481 1387 2533 Gen.
1402 2471 1488 2547 ζοίοεσι
1500 2473 1559 2546 βίον
1574 2481 1666 2536 Gatak.
1679 2480 1703 2532 ir
1714 2482 1802 2548 ζωοίσε
1815 2472 1882 2545 βίον.
1909 2479 1992 2550 Wyt·

432 2596 540 2652 teubsch
553 2593 586 2647 ad
599 2594 665 2647 Plut.
678 2581 769 2660 ζιίοενσε
781 2589 848 2656 βίον,
862 2610 952 2645 verum
964 2592 1031 2648 vidit
1042 2591 1196 2666 Scaligerus.
1224 2596 1254 2646 ln
1266 2593 1403 2665 proximis:
1418 2594 1482 2660 cia,
1495 2593 1535 2648 ed.
1546 2593 1621 2648 Fabr.
1635 2589 1810 2664 riSpsfreme,
1823 2595 1885 2666 Περ,
1898 2555 1991 2662 ἀθροί-

431 2705 525 2747 σοντες.
545 2687 627 2738 flaret.
640 2673 807 2749 είθλείσειιπες.

468 2800 506 2869 (ο)
542 2801 606 2871 neg.
621 2762 694 2861 airh,
709 2798 764 2850 ciz.
778 2787 864 2862 ciris,
876 2797 941 2868 Reg.
955 2786 1027 2866 μίνω.
1054 2798 1131 2870 Diog.
1144 2800 1173 2850 Ι..
1187 2799 1230 2851 ΙΧ.
1245 2797 1278 2852 73
1290 2796 1369 2850 habet
1381 2797 1448 2852 huuc
1460 2816 1563 2851 versum
1580 2797 1618 2864 (et
1632 2799 1659 2866 8)
1677 2790 1736 2850 adsi
1749 2788 1821 2868 μίνοι
1836 2795 1942 2848 narsis
1958 2795 1991 2860 τῷ

431 2889 492 2964 [vel
502 2880 531 2942 sd
542 2887 590 2961 τᾷ]
605 2877 650 2954 ian
662 2887 827 2958 προσίιωρσιν
840 2884 949 2947 ἕκαστος.
978 2887 1046 2939 Edd.
1060 2890 1133 2942 Sexti
1147 2899 1205 2941 aute
1218 2888 1300 2941 Behk.
1313 2886 1442 2940 habebant
1456 2886 1613 2959 προίενρσεε.

468 2987 505 3055 (ι)
541 2975 697 3042 Cinnanis
710 2981 743 3034 τ’.
757 3011 784 3022 -
797 2973 1101 3051 Codd.ll.aove'psres·se¹
1114 2982 1142 3035 bl
1160 2972 1219 3036 ὅλον
1237 2972 1439 3056 εὔχετεεεεῦρεῖο.
1468 2983 1536 3036 lllud
1553 2972 1710 3051 Ιλεονίμειοε
1728 2983 1868 3052 honorque,
1885 2981 1908 3033 si
1921 2981 1989 3033 Stei-

431 3081 501 3134 nium
514 3075 637 3147 excipias,
648 3075 773 3128 intactum
786 3075 947 3145 reliquerunt
976 3075 1148 3128 Posteriorem
1160 3085 1258 3146 partem
1270 3073 1373 3145 scripsit
1388 3074 1509 3145 Scaliger.
1520 3065 1552 3124 τί
1565 3072 1592 3125 bl
1603 3063 1687 3126 λοίιον.
1713 3075 1794 3126 Stura.
1806 3060 1836 3123 sd
1853 3069 1881 3123 dh
1898 3060 1989 3122 οὖλον

432 3160 612 3241 innixurus,
628 3184 684 3218 eum
698 3165 814 3236 seqnitur
823 3166 937 3218 Karsten.
948 3165 1056 3236 Bergk:
1068 3156 1098 3217 sd
1108 3163 1127 3216 δ’
1139 3155 1199 3217 ὅλοι
1207 3165 1265 3223 τίς
1278 3154 1382 3236 εὔχεται
1392 3159 1441 3234 arip.
1461 3165 1553 3236 Bergk.
1563 3164 1724 3236 reprehendit
1736 3165 1762 3216 in
1771 3161 1866 3216 Sturzii
1877 3161 1989 3214 lectione

428 3255 639 3314 ‘intolerabilem'
655 3256 760 3319 hiatum,
779 3266 804 3308 et
816 3256 886 3327 qnod
899 3256 964 3308 illud
977 3248 1106 3329 ίπειίχετοι
1124 3275 1176 3310 nou
1189 3257 1289 3320 habeat,
1307 3274 1357 3326 qno
1375 3256 1512 3320 referatur;
1530 3256 1612 3328 ipsius
1633 3273 1694 3310 vero
1713 3255 1837 3326 scriptura
1854 3269 1906 3304 non
1926 3252 1989 3304 satis

433 3353 498 3405 clare
512 3349 639 3422 exprimit,
653 3347 723 3418 quod
736 3347 896 3417 requirimus,
914 3347 1037 3400 frustra
1052 3348 1111 3400 illos
1124 3347 1241 3400 homines
1254 3347 1348 3398 iactare
1362 3346 1513 3417 sapientiam
1527 3347 1750 3418 cognitionemque
1762 3344 1824 3409 veri,
1837 3361 1896 3396 uam
1910 3343 1989 3395 totius

432 3445 536 3496 rationis
550 3439 780 3493 conformationem
799 3438 826 3490 id
839 3437 890 3491 ism
903 3439 1004 3502 docere,
1020 3439 1067 3492 vix
1082 3439 1129 3492 tibi
1148 3437 1322 3510 persuadebis,
1340 3437 1489 3508 praesertim
1511 3438 1533 3490 si
1553 3437 1657 3510 Bergkii
1674 3437 1722 3496 siis
1739 3437 1842 3488 inseras.
1873 3434 1990 3487 Sturaius

432 3553 493 3588 vero
510 3543 536 3586 et
548 3530 706 3594 Karsteuius,
724 3539 752 3582 ut
769 3529 857 3581 sensui
870 3530 921 3582 loci
935 3528 1107 3592 subvenirent,
1122 3530 1328 3600 interpunctione
1346 3527 1454 3592 sublata,
1474 3529 1641 3581 emendarunt
1659 3518 1794 3601 ἐποίχεται
1811 3518 1887 3596 ripato
1903 3515 1989 3584 eirca·

432 3648 454 3679 ιε.
468 3643 489 3679 r.
500 3627 536 3688 λ,
551 3623 629 3694 idque
641 3620 705 3698 mihi
718 3621 767 3691 ipsi
781 3621 844 3673 olim
858 3619 992 3673 arridebat.
1009 3618 1062 3673 Sed
1076 3609 1150 3680 ericen
1161 3620 1226 3673 bene
1240 3637 1267 3671 ss
1281 3619 1357 3672 babet
1369 3629 1396 3672 et
1408 3638 1469 3672 sane
1483 3619 1516 3671 ad
1529 3630 1678 3690 sequentem
1686 3619 1797 3690 pertinet
1808 3635 1918 3684 versum,
1931 3635 1990 3671 nam

353 3749 358 3756 ·
432 3717 480 3771 etsi
493 3734 507 3768 e
519 3715 628 3785 Diogen.
642 3714 669 3766 L.
682 3712 741 3765 loce
754 3713 798 3765 lx.
814 3715 859 3766 73:
872 3703 944 3762 ἄλλοί
955 3707 997 3762 sel
1007 3709 1183 3781 Ἐμπεδοελίοι
1202 3700 1293 3770 οὕτως
1311 3707 1379 3783 [inl
1392 3708 1447 3763 οὐδ’
1463 3699 1549 3782 ίριετοί]
1562 3731 1585 3761 ιε.
1594 3729 1616 3762 τ.
1625 3712 1653 3762 λ
1668 3729 1719 3763 non
1732 3709 1796 3764 satis
1809 3709 1901 3775 elucet,
1914 3728 1991 3781 qucr-

432 3827 488 3862 sum
500 3805 565 3859 illud
578 3793 651 3862 οὗτος
663 3812 772 3874 spectet,
790 3813 877 3854 tamen
891 3820 905 3855 e
918 3801 1048 3855 Plutarchi
1061 3803 1119 3855 loco
1133 3804 1165 3858 de
1178 3813 1246 3875 poet
1260 3802 1317 3854 aad
1331 3822 1355 3873 p.
1371 3806 1412 3857 17.
1425 3798 1466 3854 eet
1477 3793 1718 3872 εοίἘμτεδοελίοος
1733 3798 1778 3868 leq
1792 3799 1854 3854 isra
1864 3793 1991 3875 πρίχεερε

430 3893 514 3952 τουτί·
529 3885 622 3954 οὕτως
635 3885 682 3946 οὔτ’
698 3915 720 3946 οε.
730 3913 753 3944 τ.
763 3897 791 3945 λ.
806 3893 932 3958 videmus,
950 3911 1041 3946 vocem
1055 3882 1129 3954 οὕτως
1141 3913 1192 3946 non
1206 3892 1350 3957 Plutarcho,
1372 3893 1419 3946 sed
1431 3892 1584 3964 Empedocli
1597 3891 1758 3946 tribuendam
1772 3911 1837 3947 essa.
1868 3892 1987 3946 Vocabu-

431 3992 482 4044 lum
496 3979 550 4059 μίψ
564 3987 696 4057 aptissime
709 3984 816 4038 inseruit
828 3984 950 4050 Steinins,
968 3985 1016 4037 sed
1028 4003 1060 4038 ne
1074 3985 1184 4049 deesset,
1202 4003 1252 4056 qno
1271 3983 1337 4036 illud
1350 3978 1427 4055 ripeta
1440 3984 1580 4048 referretur,
1597 3982 1676 4038 verba
1687 3984 1773 4056 priora
1785 3986 1823 4038 sic
1835 3983 1989 4048 emendavit,

430 4094 457 4136 nt
468 4099 515 4153 pro
529 4066 685 4144 ίλοννίμεεοι
696 4075 819 4129 scriberet
832 4068 998 4146 ὄλινιίμενος,
1013 4077 1045 4131 cf.
1059 4070 1175 4142 iaceam
1189 4093 1332 4148 quanquam
1347 4085 1373 4129 st
1383 4077 1487 4150 vulgata
1499 4073 1558 4127 ferri
1571 4085 1664 4146 potest.

466 4161 503 4230 (ν)
540 4160 608 4212 Libri
623 4148 655 4209 ed
668 4147 718 4222 ede,
733 4175 795 4211 corr.
808 4157 943 4229 Berghius.

467 4251 519 4318 (ιο)
541 4253 635 4313 Locus,
649 4249 693 4320 qni
706 4249 814 4302 multum
828 4249 944 4301 exercuit
956 4248 1089 4300 doctorum
1097 4248 1211 4301 virorum
1222 4247 1331 4318 ingenia
1349 4248 1483 4319 vulgatam
1496 4255 1582 4298 autem
1595 4247 1745 4319 scripturam
1754 4238 1855 4300 πείσειε
1863 4242 1891 4296 eri
1903 4234 1990 4296 πλιῖίι

430 4363 458 4414 ys
471 4339 571 4412 βροτείη
583 4339 654 4412 μῆτις
668 4329 743 4410 ίρονρε
755 4340 847 4394 falsam
860 4357 926 4404 esse,
943 4339 1040 4411 primus
1053 4339 1136 4392 Karst
1149 4338 1223 4402 vidit,
1240 4338 1284 4409 qui
1297 4339 1410 4394 restituit
1424 4356 1450 4389 π.
1464 4334 1492 4388 οὐ
1505 4335 1587 4389 τλίοεί
1602 4335 1631 4402 rii
1643 4333 1745 4409 βροτεί»)
1758 4357 1784 4408 μ.
1798 4335 1832 4402 e'.,
1851 4336 1988 4408 praecipue

431 4434 523 4488 ductus
535 4433 607 4484 Sexti
620 4431 842 4502 interpretatione:
860 4427 917 4501 περὶ
930 4428 958 4481 bi
969 4428 1014 4481 τοί
1027 4421 1059 4500 μὴ
1071 4423 1135 4480 elsua
1147 4430 1182 4489 είς
1191 4421 1222 4480 τί
1234 4429 1354 4490 παντελὲς
1366 4422 1474 4495 sitense
1485 4420 1529 4494 τιίε
1541 4421 1676 4496 sinistrae,
1690 4429 1750 4482 ἀλλ’
1766 4427 1800 4496 Ιψ’
1817 4417 1876 4479 ὅσον
1889 4427 1988 4480 ίνονείτοεε

432 4519 444 4578 οΙ
457 4513 609 4595 ἄνθρείιεεεοε
620 4512 705 4593 λίροε,
719 4513 812 4588 ληπτὴν
824 4514 946 4595 ίιεείρχιιν
957 4542 980 4573 ιι.
992 4540 1016 4573 τ.
1031 4524 1056 4576 λ.
1092 4523 1133 4574 De
1145 4539 1236 4575 versus
1249 4521 1449 4575 conformatione
1462 4538 1509 4572 sua
1522 4520 1579 4592 ipse
1590 4523 1706 4575 Karsten.
1718 4519 1902 4591 aliquantulum
1915 4519 1988 4572 dubi-

430 4616 507 4672 tabat
539 4613 664 4684 Barghius
677 4633 701 4685 p.
714 4611 748 4665 16
761 4631 865 4667 narsum
878 4614 951 4668 hamt
963 4613 1041 4667 telem
1054 4611 1155 4683 qualem
1167 4629 1244 4682 supra
1257 4612 1360 4666 exhibui
1379 4609 1457 4680 (conf
1471 4621 1565 4679 tamen,
1579 4630 1642 4684 quas
1655 4611 1727 4665 addit
1738 4629 1762 4682 p.
1778 4609 1810 4664 17
1829 4610 1893 4664 aliae
1911 4609 1987 4666 huius

430 4725 520 4761 versus
532 4705 648 4770 formas.)
665 4705 842 4776 explicatque:
861 4704 943 4776 ipsam
956 4721 989 4757 ex
1002 4721 1043 4756 me
1056 4703 1145 4756 audies
1154 4702 1297 4768 veritatem,
1310 4711 1431 4774 quantum
1441 4701 1544 4772 quidem
1555 4703 1664 4756 humana
1673 4719 1744 4755 mens
1754 4700 1893 4770 cogitando
1902 4713 1990 4774 potest

431 4798 541 4870 assequi.
574 4795 649 4863 Quae
661 4795 801 4867 explicatio
814 4812 872 4849 cum
884 4797 929 4850 ills
941 4795 1015 4850 Sexti
1027 4795 1155 4866 congruit,
1172 4792 1218 4846 ssd
1232 4811 1283 4846 uon
1296 4793 1365 4846 idam
1377 4791 1514 4846 dicendum
1528 4803 1567 4847 set
1584 4793 1616 4847 de
1628 4791 1815 4847 Panaerbisteri
1829 4793 1988 4850 coniectura:

430 4907 457 4940 π.
471 4878 500 4941 ei
510 4876 631 4941 τλετττίν
642 4903 669 4956 7·
682 4883 783 4956 βροτείη
796 4907 819 4939 ιι.
832 4906 855 4940 τ.
868 4892 895 4938 λ.
909 4887 983 4942 addit
994 4886 1076 4940 idem:
1106 4885 1130 4940 d.
1143 4885 1159 4940 i.
1178 4882 1219 4949 da,
1237 4903 1280 4938 wo
1299 4902 1340 4938 aur
1352 4883 1488 4938 weitesten
1500 4884 1672 4938 menschliche
1685 4883 1796 4940 einaicbt
1807 4883 1863 4940 sich
1877 4883 1987 4940 srhoben
