4500 5666
1165 419 1174 442 ’
1212 425 1235 498 θ

447 697 495 752 εει
522 685 667 772 pluribus
698 685 837 771 exponi(
843 681 883 768 ¹).
928 682 984 748 Sin
1013 692 1117 747 autem
1143 681 1184 747 de
1212 681 1389 748 discrimine
1415 683 1497 748 inter
1526 692 1738 768 argumentum
1762 684 1905 747 carminis
1927 683 2009 770 play·

447 799 503 862 sici
526 807 557 862 et
577 795 752 862 lustralium
775 798 882 882 egitur,
904 795 1037 880 primum
1060 792 1229 858 tenendum
1251 804 1306 873 ost,
1329 811 1389 858 nos
1412 795 1443 857 in
1465 793 1521 858 illo
1546 793 1722 859 discrimine
1737 791 1920 860 definiendo
1942 814 2008 859 non

445 929 577 994 prorsus
604 929 623 972 e
651 911 831 973 coniectura
860 904 1008 992 pendere.
1059 904 1245 992 Compluris
1273 907 1354 969 onim
1382 904 1530 991 lragmina
1557 904 1772 991 Empedoclis,
1801 909 1826 970 si
1855 906 1929 970 licet
1957 925 2009 970 res

443 997 624 1084 notissimas
645 1039 781 1097 monere,
804 1021 846 1082 ita
868 1020 1039 1103 scriptores
1063 1019 1170 1095 citant,
1199 1025 1234 1080 nt
1259 1036 1325 1080 non
1348 1015 1449 1080 solum
1473 1037 1492 1080 e
1513 1016 1648 1102 physico
1680 1019 1815 1082 carmine
1844 1038 1882 1081 ea
1907 1025 2009 1081 sumta

446 1151 515 1196 esse
538 1129 651 1209 dicant,
679 1128 849 1194 sedetiam
873 1149 891 1192 e
912 1124 1013 1191 tribus
1036 1125 1138 1205 libris,
1165 1125 1281 1212 quibua
1302 1137 1403 1192 totum
1427 1147 1551 1192 carmen
1574 1131 1750 1193 constitisse
1778 1130 1908 1207 seimus,
1936 1148 2009 1192 enan

445 1241 592 1321 indicent,
614 1240 700 1308 unde
722 1260 868 1327 quaeque
890 1236 1119 1324 descripserint.
1163 1237 1257 1303 Unde
1278 1238 1329 1318 fit,
1358 1248 1393 1303 ut
1421 1239 1626 1326 physicorum
1654 1250 1796 1305 naturam
1825 1242 1899 1304 satis
1924 1259 2009 1304 oom-

446 1364 565 1440 pertam
588 1351 766 1419 habeamus.
809 1350 860 1416 Ad
881 1348 1066 1414 lustralia
1086 1369 1164 1414 vero
1194 1369 1314 1414 unum.
1330 1349 1684 1437 tantum-lragmcutum,
1707 1349 1876 1416 duodecim
1898 1371 2009 1416 versus

446 1464 658 1552 complectens
680 1470 743 1550 (ap.
766 1464 918 1532 Steinium
939 1483 969 1524 τ.
989 1461 1161 1544 ssa-363)
1183 1463 1359 1546 perspicuis
1386 1458 1490 1526 vorbis
1517 1462 1660 1527 σείονται.
1705 1464 1812 1528 Locus
1836 1471 1936 1527 exstat
1958 1483 2008 1550 ap.

445 1576 539 1664 Diop
562 1571 979 1657 laert.v111.5t,plenius
993 1570 1081 1636 Vlll.
1098 1572 1149 1637 62.
1171 1575 1204 1638 iu
1225 1575 1332 1658 priore
1354 1583 1457 1638 autam
1481 1571 1555 1637 loco
1577 1573 1773 1659 praecedunt
1795 1575 1873 1640 baec
1894 1570 2007 1639 verbor

447 1682 535 1758 αύτδς
557 1684 795 1774 ἐναρχόμενος
816 1681 882 1750 τῶν
901 1680 1095 1770 καθαρμῶν
1118 1692 1201 1772 φησι.
1224 1685 1368 1749 'Versus
1391 1691 1494 1748 autem
1517 1694 1590 1749 sunt
1616 1685 1663 1750 bi:

823 1811 846 1882 ὦ
869 1810 962 1903 φίλοι,
986 1807 1010 1881 cl
1031 1812 1116 1902 μίγα
1134 1809 1211 1884 doru
1234 1814 1316 1884 nord
1337 1813 1443 1907 ξανθοῦ
1460 1812 1661 1906 Ἀκροίγοιντος

684 1961 688 1970 ·
762 1923 842 1995 ναίετ’
866 1927 907 1994 εἶν’
929 1918 1008 2014 dupe
1030 1922 1146 2007 πίλενς,
1170 1926 1289 2014 οἰγαθῶν
1309 1919 1624 2018 μιλιθιίμονεςθργων,

759 2035 866 2128 (ξείνων
889 2037 997 2106 cibun
1020 2037 1142 2125 λιμίνες,
1165 2034 1323 2114 κακθτοντος
1344 2035 1478 2127 ιῖπειροι,)

760 2147 883 2237 χαίρετ’·
903 2149 961 2239 ἔγω
983 2143 1116 2238 θ’θμμιν
1139 2147 1197 2222 θεθς
1216 2143 1374 2238 ιῖμβροτος,
1396 2153 1448 2218 οὐκ
1469 2147 1508 2219 ἔτι
1530 2149 1623 2228 θνντθς

761 2262 920 2350 πωλεῦμαι
941 2261 1025 2352 μετα
1043 2263 1119 2331 ποῖσι
1138 2261 1288 2348 τετιμίνος,
1311 2261 1405 2350 ὥσπερ
1429 2262 1509 2344 ἔοικε,

760 2371 880 2448 ταινίαις
898 2402 929 2444 τε
950 2374 1132 2462 περίστεπτος
1152 2371 1286 2464 στέφεσίν
1307 2403 1339 2441 τε
1358 2371 1493 2448 θαλείοις·

759 2492 847 2554 τοῒσιν
866 2483 919 2573 ἅμ’
939 2481 992 2553 εὖτ’
1014 2475 1049 2554 du
1072 2481 1182 2569 ίιιωμαι
1205 2488 1232 2558 ἐς
1254 2479 1349 2555 deice
1368 2484 1555 2567 τηλεθόωντα

761 2592 895 2685 ὥνθραίσιν
916 2594 964 2672 »idi
987 2594 1103 2688 γυναιξί
1123 2594 1299 2687 σεβίζομαι·
1324 2597 1350 2665 oi
1367 2597 1394 2666 θ’
1406 2597 1458 2678 ἅμ’
1485 2595 1600 2668 ἕπονται

759 2707 864 2798 μυρίοι,
884 2706 1034 2799 ἐξερέοντες
1052 2709 1107 2784 ira
1127 2707 1195 2798 πρθς
1213 2708 1310 2798 κίρθος
1330 2699 1467 2798 ἀταρπός,

761 2821 786 2889 οἱ
804 2819 860 2910 μὲν
881 2819 1083 2908 μαντοσυνέων
1104 2819 1286 2909 νιεχρνιμθνοι,
1310 2823 1334 2889 oi
1352 2819 1438 2890 t'icl
1458 2819 1572 2904 rationu,

759 2930 838 3022 θιρθν
859 2926 894 3009 dri
912 2931 1071 3026 χαλεπῇσι
1094 2930 1271 3020 πεπαρμένοι
1292 2934 1374 3022 ἄμφ’
1397 2932 1524 3028 θθιίνῃσν,

758 3042 898 3114 παντοίων
919 3040 1050 3112 ἔτιίθοντο
1073 3044 1173 3113 κλιίειν
1194 3044 1300 3121 εὐηκέα
1321 3043 1421 3136 (deificus

442 3184 499 3247 llis
521 3183 615 3268 igitur
636 3177 780 3244 versibus
810 3190 906 3266 poeta
932 3179 1103 3266 alloquitur
1132 3183 1216 3245 circs
1245 3191 1281 3245 ut
1305 3178 1465 3245 bonorum
1488 3200 1620 3266 operum
1642 3179 1817 3262 studiosos,
1845 3185 2005 3269 pravitatis

442 3303 594 3381 expertes,
617 3293 774 3377 hospitum
796 3289 924 3377 refugia,
946 3312 1046 3376 seque
1068 3290 1199 3378 praebet
1220 3295 1258 3356 iis
1281 3302 1404 3357 utnon
1427 3291 1559 3379 amplius
1574 3293 1707 3356 humana
1724 3305 1903 3359 contentum
1928 3317 2006 3360 cou-

442 3405 577 3484 dieione,
607 3403 663 3469 scd
686 3407 768 3481 iure,
796 3383 944 3487 tanquam
971 3401 1079 3483 deum,
1108 3402 1148 3468 ab
1177 3402 1323 3469 omnibus
1350 3404 1538 3468 honoratum
1565 3403 1758 3483 bominibus,
1788 3427 1923 3492 quorum
1953 3407 2005 3472 alii

439 3521 520 3580 viam
544 3516 583 3581 ad
606 3516 738 3581 salutem
761 3512 993 3599 adipiscendam
1016 3518 1187 3601 exquirant,
1210 3515 1263 3579 alii
1286 3517 1430 3579 vaticinia
1452 3512 1606 3602 expetant,
1630 3515 1682 3580 alii
1705 3516 1888 3583 morborum
1911 3517 2006 3583 dolo·

441 3649 573 3712 rumque
596 3628 762 3693 lenimenta
784 3624 906 3690 discere
926 3625 1032 3690 velint.
1078 3625 1205 3713 Quibus
1227 3625 1381 3707 versibus,
1406 3648 1486 3713 quos
1508 3630 1597 3692 initio
1621 3631 1764 3693 carminis
1790 3634 1912 3717 positos
1936 3651 2006 3696 esse

440 3740 577 3823 Diogeni
598 3739 690 3804 facile
712 3735 831 3816 credes,
854 3759 930 3802 sane
951 3759 1091 3824 magnam
1121 3741 1233 3802 excitat
1254 3748 1349 3825 poeta
1373 3742 1629 3827 expectationem,
1654 3743 1706 3803 cui
1728 3740 1892 3825 quomodo
1916 3747 2005 3807 satis-

440 3851 564 3927 fecerit,
592 3869 657 3912 nou
683 3853 741 3913 iam
772 3859 920 3914 accurate
940 3871 1109 3936 possumus
1132 3837 1221 3914 scire.
1266 3850 1346 3914 Nam
1368 3872 1470 3936 pauca
1492 3862 1573 3928 snut,
1603 3872 1685 3937 quac
1707 3855 1767 3916 viri
1788 3852 1875 3918 docti
1898 3857 2004 3919 conie-

442 3973 530 4026 ctura
558 3962 632 4023 satis
661 3969 745 4024 certa
773 3959 817 4025 illi
845 3964 935 4025 initio
965 3959 1184 4047 subiungenda
1212 3982 1282 4027 csse
1309 3972 1472 4048 putarunt,
1500 3983 1666 4049 nequeas
1692 3966 1734 4029 ita
1757 3974 1947 4052 comparata,
1969 3975 2006 4030 ut

440 4077 517 4138 initii
541 4070 833 4158 magniloquentiam
858 4083 1014 4138 excusent.
1059 4071 1253 4138 Coniectura
1276 4083 1379 4138 antem
1406 4073 1460 4138 illa
1482 4074 1542 4138 iam
1566 4095 1584 4138 e
1606 4078 1762 4140 nomine
1785 4076 2005 4143 lustralium

737 4219 770 4226 --
791 4222 914 4229 ———-.

478 4292 520 4365 (¹)
559 4293 630 4347 Cave
642 4311 675 4345 ns
688 4291 783 4344 Suidae
796 4293 882 4346 verbis
896 4312 973 4367 supra
984 4293 1095 4347 laudetis
1108 4294 1178 4348 illam
1192 4293 1341 4365 opinionem
1354 4293 1497 4350 confirmari
1510 4294 1612 4360 credam
1631 4315 1691 4349 nam
1709 4296 1839 4369 quomodo
1851 4297 1949 4351 lactum
1962 4301 2002 4363 sit,

440 4387 524 4440 utillo
537 4385 654 4438 lustralia
666 4383 803 4446 omitteret,
815 4383 892 4436 facila
906 4396 945 4438 est
958 4384 1095 4456 explicatu,
1116 4384 1148 4437 do
1161 4403 1211 4457 qua
1223 4404 1251 4438 re
1263 4385 1341 4439 adeas
1355 4385 1480 4439 Stainium
1494 4404 1518 4457 p.
1533 4389 1574 4440 13.
1606 4389 1647 4440 lle
1660 4405 1764 4441 numero
1778 4398 1861 4441 autam
1874 4407 2001 4454 versuum,

441 4495 506 4548 quos
519 4487 655 4547 utrumque
667 4492 767 4527 carmon
782 4475 1009 4545 comprehenderit,
1028 4475 1109 4528 multa
1121 4475 1171 4528 iam
1184 4487 1244 4530 sunt
1257 4476 1395 4548 disputate.
1426 4477 1576 4530 Karstanina
1589 4478 1693 4549 quidem
1712 4478 1749 4550 (p.
1763 4478 1809 4545 70)
1822 4497 1836 4531 e
1849 4479 1951 4534 collatio
1964 4489 2002 4533 te-

441 4568 569 4621 stimoniis
582 4565 707 4638 Diogenis
721 4574 747 4618 ot
759 4565 855 4618 Suidao
869 4564 955 4630 eflicit,
973 4567 1025 4619 duo
1038 4568 1084 4620 illa
1098 4567 1210 4620 carmina
1222 4567 1369 4622 constitisse
1383 4567 1495 4639 quinquo
1512 4585 1633 4622 versuum
1652 4569 1763 4634 milibus,
1784 4587 1890 4641 quorum
1904 4571 1953 4624 dno
1967 4571 2000 4626 ad

440 4657 558 4730 physica,
571 4657 619 4712 tria
632 4657 664 4710 ud
678 4655 792 4710 lustralia
803 4654 955 4727 pertineant.
966 4679 972 4685 ·
985 4657 1097 4729 Bergkio
1116 4676 1177 4710 vero
1195 4657 1231 4730 (p.
1244 4657 1273 4726 9)
1290 4657 1357 4710 lslsa
1372 4657 1430 4711 visa
1443 4668 1482 4711 est
1500 4659 1564 4712 baec
1578 4659 1681 4725 divisio,
1701 4660 1797 4732 quippe
1816 4679 1867 4732 qua
1884 4661 2000 4733 physicis

439 4767 537 4820 parum,
552 4748 699 4801 lustralibus
711 4765 757 4819 pro
771 4745 913 4818 argumenti
927 4747 1091 4819 simplicitate
1103 4748 1210 4802 nimium
1223 4747 1386 4814 tribueretnr;
1404 4748 1483 4821 idque
1495 4760 1571 4815 recte,
1583 4761 1613 4804 ut
1625 4751 1723 4822 opinor.
1760 4753 1912 4806 Mutandum
1925 4753 2001 4825 igitur

437 4838 632 4895 censatSuidse
644 4837 798 4892 vocabulum
808 4833 930 4910 δισχίλιοι
940 4837 965 4892 in
976 4836 1180 4912 τετρακισχίλια,
1199 4840 1235 4894 ita
1248 4850 1276 4894 ut
1288 4839 1399 4912 physica
1412 4849 1521 4912 quatuor
1532 4859 1653 4896 versuum
1666 4841 1738 4894 milia
1753 4839 2000 4917 comprehenderint,

438 4930 555 4984 lustralia
567 4938 652 4982 autem
665 4929 736 4984 mille
748 4939 854 4984 tantum.
