4500 5666
1206 431 1255 520 26

1116 543 1349 572 mmmm

451 691 542 758 Viam
565 693 658 777 igitur
680 687 893 776 cognoscendi
915 690 941 753 si
963 685 1109 752 sensibus
1131 685 1312 766 tribuimus,
1342 697 1373 752 et
1402 708 1470 753 eam
1494 685 1686 752 excludimus
1716 690 1911 774 opinionem,
1935 709 2017 774 quae

451 802 658 870 differentiam
679 799 764 866 illam
787 805 867 866 inter
888 819 1036 864 sennium
1059 809 1090 864 et
1112 802 1223 865 mentis
1251 797 1464 884 cognoscendi
1493 802 1576 863 vires
1605 797 1796 878 absolutam,
1828 810 1859 865 et
1882 800 2018 879 alteram,

451 935 535 1001 quae
558 935 625 978 eam
647 913 764 980 nullam
786 933 856 978 essa
882 909 1044 978 contendit
1059 909 1119 997 (¹).
1164 911 1275 994 ltaque
1303 910 1381 974 baec
1406 906 1533 974 videtur
1561 932 1631 976 esse
1659 909 1725 976 loci
1750 914 1851 976 nostri
1870 933 1948 978 vera
1971 916 2019 978 in·

451 1027 651 1113 terpretatioz

583 1137 660 1222 Age,
684 1137 768 1200 omni
790 1136 821 1198 vi
844 1154 946 1213 cerne,
969 1155 1032 1218 qua
1053 1131 1195 1218 quidque
1217 1134 1257 1198 sit
1280 1131 1413 1211 clarum,
1444 1153 1504 1197 nec
1533 1135 1560 1196 si
1589 1131 1667 1217 quid
1697 1132 1880 1219 adspectum
1906 1133 2019 1215 babes,

451 1250 482 1312 ei
504 1249 600 1333 magis
623 1245 725 1325 crede,
749 1266 842 1331 quam
865 1248 943 1321 auri,
963 1265 1068 1329 neque
1091 1247 1159 1310 auri
1182 1247 1342 1310 resonanti
1364 1245 1470 1330 magis,
1494 1265 1588 1329 quam
1611 1244 1734 1331 linguae
1749 1246 2019 1332 perceptionibus,

451 1378 556 1444 neque
580 1368 756 1424 ceterorum
778 1355 999 1435 membrorum,
1022 1358 1053 1422 in
1070 1353 1187 1440 quibus
1201 1357 1252 1422 via
1275 1354 1384 1422 saltem
1404 1366 1451 1422 est
1467 1355 1688 1442 cognoscendi,
1711 1355 1807 1422 tidem
1823 1357 1952 1424 cobibe:
1969 1356 2019 1440 (²)

454 1491 610 1557 cognosce
631 1489 719 1549 vero,
742 1491 805 1555 qua
828 1467 970 1554 quidque
993 1469 1033 1532 sit
1056 1466 1175 1532 clarum
1190 1465 1253 1550 (ἢ.

569 1837 643 1922 Ill.
685 1833 852 1922 Adiecta
882 1852 978 1921 sunt
1004 1835 1199 1921 nonnulla
1229 1835 1279 1922 de
1308 1839 1411 1921 entis
1440 1833 1701 1923 Parmenidei
1728 1842 1905 1924 notione.

583 2024 762 2111 Simplicius
783 2022 878 2090 nobis
902 2027 1039 2090 servavit
1061 2024 1166 2111 (phys.
1189 2024 1211 2092 l.
1227 2023 1262 2107 7>
1287 2022 1395 2090 locum
1425 2021 1582 2108 quendam
1613 2023 1852 2094 Parmenideum
1874 2028 1921 2092 sic
1942 2030 2019 2094 scri·

451 2137 606 2206 bendum:

755 2245 845 2320 οὕτως
866 2245 990 2334 ἔμπεδον
1009 2241 1076 2316 crit:
1096 2243 1189 2333 plvri-
1210 2241 1332 2334 xperrprl
1351 2241 1411 2334 pri:
1434 2243 1551 2333 οἰνοίγκνν

753 2363 885 2446 κείροντος
904 2359 931 2428 ἐν
952 2359 1100 2444 despuito
1118 2358 1185 2442 ἔχον
1203 2385 1235 2426 τε
1252 2354 1303 2426 aei
1324 2355 1426 2448 ἀμφὶς
1446 2359 1550 2448 ε’ἔργεν·

755 2469 864 2538 οὕνεκεν
886 2473 939 2538 οὐκ
958 2469 1147 2545 ν’,τελεύτνντον
1166 2467 1200 2540 ri
1219 2465 1261 2538 iit
1279 2467 1360 2556 θέμις
1380 2469 1459 2550 οἶνον,

754 2579 814 2650 ieri
835 2579 896 2669 γοίρ
919 2583 973 2649 οὐκ
996 2582 1129 2661 medenis,
1150 2577 1192 2651 ἔον
1213 2579 1248 2650 dt'
1264 2609 1298 2650 κε
1318 2579 1426 2653 neatis
1449 2580 1566 2664 idcirc(
1586 2589 1612 2667 ).

451 2716 536 2782 quae
557 2692 655 2762 verba
678 2693 719 2761 ad
742 2687 819 2767 ivre:
841 2717 934 2780 quam
958 2694 1017 2760 sibi
1036 2693 1238 2761 Parmenides
1261 2690 1392 2760 finxerat
1414 2698 1576 2760 notionem
1592 2692 1832 2762 describendam
1855 2700 2020 2782 pertinere,

451 2813 512 2874 iam
533 2808 636 2894 primo
660 2817 790 2893 apparet
812 2806 973 2891 adspectu.
1016 2807 1124 2872 Utitur
1146 2817 1249 2874 eutem
1272 2805 1452 2893 Simplicius
1474 2807 1522 2874 bis
1549 2805 1710 2887 versibus,
1736 2816 1772 2874 ut
1793 2793 1867 2874 iude
1889 2808 2020 2876 demon·

451 2930 538 3014 stret,
561 2917 775 2984 Parmenidem
798 2939 853 2984 ens
875 2917 963 2998 illud,
987 2929 1023 2984 ut
1043 2917 1144 2986 verbo
1168 2927 1238 2984 utar
1260 2920 1318 2984 etsi
1340 2939 1407 2984 non
1429 2915 1545 3003 probo,
1569 2928 1672 2984 tamen
1687 2941 1748 2986 usu
1767 2922 1851 3000 trito,
1875 2926 2021 2990 statuisse

490 3118 533 3190 (¹)
571 3121 672 3175 Caveas
685 3129 769 3172 autem
782 3137 815 3172 ue
828 3118 855 3171 in
867 3117 1045 3174 Parmeniden
1058 3137 1161 3190 quoque
1173 3118 1285 3172 similem
1298 3118 1535 3190 interpretationem
1548 3118 1640 3171 cadere
1657 3119 1755 3188 credes,
1774 3120 1818 3192 qui
1831 3120 1854 3174 si
1868 3111 1939 3182 c‘tcric
1952 3113 2020 3192 δνζνὶ-

454 3231 509 3272 ονος
522 3210 665 3282 distinguit,
678 3209 742 3262 nibil
755 3209 826 3262 aliud
838 3219 926 3281 potest
938 3207 1089 3280 siguificare,
1103 3209 1154 3262 nisi
1174 3227 1292 3281 genera
1314 3209 1447 3262 diversa
1467 3209 1621 3280 inquirendi.

491 3300 533 3372 (²)
571 3301 721 3354 Karstanius
734 3319 825 3353 vocam
839 3298 905 3368 lpas:
919 3299 1003 3352 reddit
1013 3292 1140 3365 'decliua,'
1152 3299 1223 3372 quod
1235 3299 1277 3353 hic
1290 3310 1359 3354 carte
1372 3299 1426 3351 lieri
1440 3299 1536 3371 nequit,
1553 3299 1650 3372 vixque
1664 3319 1772 3373 usquam
1785 3311 1878 3373 potest.

490 3389 531 3461 (³)
569 3392 693 3448 (lanieras
706 3391 792 3455 verba,
812 3391 904 3462 quibus
918 3392 1013 3443 Sextus
1026 3392 1102 3462 Emp.
1116 3406 1207 3444 versus
1225 3391 1285 3443 illos
1298 3389 1450 3444 introducit:
1469 3390 1509 3442 ael
1528 3381 1571 3443 etei
1587 3392 1632 3444 νῦν
1649 3389 1705 3461 ἱξῆς
1721 3385 1859 3461 laetifice
1874 3399 1930 3454 retr
1944 3393 2021 3447 nitier

453 3481 659 3554 ἕποῃολομὲνονς
670 3473 817 3553 ytyvo'casta,
831 3478 981 3551 παρίστησιν
994 3469 1033 3534 ἔτι
1044 3474 1074 3536 ad
1087 3480 1121 3533 δι’
1129 3472 1233 3547 taciem:
1245 3472 1390 3548 αἰσθήσεως
1402 3472 1589 3555 λαμβανὸμννον
1601 3474 1692 3538 πιστόν
1705 3482 1767 3550 lert,
1786 3483 1830 3538 aei
1842 3474 1921 3555 λὸγον
1931 3477 2022 3542 enirm

453 3573 647 3640 intermediam,
667 3571 753 3645 aclaap
765 3562 882 3645 arpc'rrpev
894 3565 1052 3644 acrebpepclv
1064 3572 1107 3639 τῆς
1119 3567 1163 3625 eirr’
1176 3567 1252 3626 ον’τῶν
1268 3567 1375 3634 almeo:
1391 3591 1414 3624 κ.
1424 3591 1447 3628 τ.
1457 3575 1484 3625 λ.
1524 3574 1599 3657 Quae
1618 3575 1706 3647 opinio
1724 3594 1878 3650 quenquam,
1893 3587 1923 3632 ut
1938 3577 2021 3644 videt,

454 3683 506 3718 non
518 3684 623 3737 prorsus
641 3675 709 3718 recte
721 3684 749 3718 se
767 3665 853 3730 habet,
873 3683 903 3718 eo
921 3675 1008 3717 tamen
1026 3675 1066 3717 ast
1084 3666 1179 3718 Sextus
1196 3664 1348 3730 laudandus,
1367 3664 1438 3736 quod
1455 3665 1482 3717 in
1500 3665 1552 3718 illis
1572 3666 1657 3721 verbis
1676 3668 1753 3720 etiam
1772 3666 1891 3722 sensibus
1909 3668 2021 3742 aliquam

455 3755 629 3828 cognoscendi
641 3749 694 3808 vim
707 3756 827 3809 tributam
840 3774 897 3809 esse
910 3755 1036 3809 concedit

491 3841 534 3914 (⁴)
571 3846 687 3901 llarsten.
701 3865 725 3901 v.
737 3851 769 3900 85
779 3866 835 3919 sqq.
853 3848 982 3918 vulgatam
999 3845 1128 3900 scribendi
1142 3846 1279 3900 rationem:
1299 3842 1357 3920 ῑχιι
1369 3844 1396 3898 ri
1411 3863 1451 3916 μιν
1467 3865 1522 3897 νοτ.
1532 3849 1562 3899 λ.
1580 3856 1648 3900 recte
1666 3846 1733 3900 vidit
1750 3864 1807 3900 esse
1825 3849 1955 3916 vitiosam,
1975 3867 2020 3903 ne-

456 3953 506 4009 que
518 3934 543 3988 ei
554 3934 677 4006 probatur
689 3939 741 3991 alia
753 3939 828 3992 buius
841 3956 932 3994 versus
945 3937 1072 4008 scriptura
1083 3938 1165 3990 semel
1182 3953 1318 3992 oecumens
1336 3935 1394 4012 ἶχιο
1405 3931 1438 3990 ον’
1449 3957 1489 4009 μιν
1506 3959 1529 3992 κ.
1538 3957 1561 3990 r.
1572 3941 1599 3990 λ
1636 3938 1818 3992 coniecturam
1836 3951 1921 3994 eutem
1939 3957 2020 4007 snam,

457 4046 508 4102 qus
520 4036 561 4080 est
572 4025 708 4093 modestia,
726 4030 812 4084 verbis
825 4028 1000 4084 Parmenidais
1013 4027 1125 4082 inserere
1138 4028 1232 4091 noluit;
1251 4046 1302 4102 qua
1314 4029 1341 4082 in
1354 4047 1381 4081 re
1395 4047 1443 4082 nos
1456 4028 1607 4086 audaciores
1620 4027 1723 4082 luimus.

527 4117 640 4172 Ultimus
653 4135 744 4178 uersus
757 4120 796 4172 sic
808 4121 875 4192 apud
886 4121 1001 4173 Karsten.
1015 4128 1113 4173 exstet:
1129 4118 1182 4170 leel
1193 4108 1240 4190 yslp
1255 4114 1297 4171 aria
1310 4117 1425 4184 ἰπνδινίς,
1440 4110 1473 4189 μὴ
1487 4108 1526 4170 id:
1539 4117 1566 4172 li
1579 4139 1605 4172 κο
1617 4110 1708 4178 scarie
1719 4117 1807 4186 lictae,
1824 4138 1900 4193 mam
1912 4119 2021 4178 formam

454 4220 536 4264 metro
549 4217 732 4281 repugnantem
747 4211 842 4265 vellem
860 4230 912 4264 non
930 4209 1078 4276 retinuisset
1093 4210 1134 4264 vir
1152 4209 1326 4276 doctissimus,
1345 4212 1496 4283 praesertim
1514 4229 1591 4282 qaum
1610 4209 1668 4263 libri
1686 4219 1758 4265 tento
1778 4229 1855 4284 opere
1874 4211 2020 4278 discedant;

455 4303 569 4355 Ritterus
583 4309 609 4353 et
621 4300 748 4353 Prellerus
760 4319 785 4372 p.
794 4296 830 4359 9lt
843 4311 912 4354 recte
930 4285 1082 4376 pro'tprile‘r
1098 4301 1193 4356 babent
1205 4302 1275 4373 quod
1288 4320 1365 4374 supra
1384 4301 1502 4366 exhibui,
1522 4301 1559 4354 ita
1572 4300 1739 4373 posteriorem
1754 4311 1853 4374 partam
1870 4320 1962 4357 versus
1976 4319 2019 4357 ex-

454 4394 589 4465 plicantes,
606 4401 635 4445 nt
646 4392 794 4463 suppleant:
809 4393 831 4445 si
845 4371 1100 4458 esseteiritedrqrcs3
1120 4393 1229 4446 eandem
1241 4393 1394 4465 scripturam
1406 4403 1499 4464 postea
1510 4390 1703 4447 commendavit
1720 4392 1901 4457 Steinhartius,
1921 4393 2019 4467 ercyd.

454 4483 555 4537 Erechii
568 4501 588 4536 s.
601 4502 626 4538 ν.
640 4482 800 4536 Parmenidis
812 4502 837 4556 p.
848 4485 911 4549 2³8,
921 4484 958 4541 in
970 4501 1001 4541 οο
1013 4494 1100 4538 nmen
1113 4483 1347 4556 reprehendendus,
1366 4483 1438 4556 quod
1455 4501 1483 4538 aa
1500 4483 1611 4556 primum
1629 4493 1727 4538 rectum
1744 4484 1771 4538 ia
1783 4483 1832 4536 bec
1849 4501 1877 4536 re
1889 4484 2020 4541 invenisse

456 4575 582 4647 opinetur.
616 4575 725 4628 Sensum
737 4593 799 4629 vero
818 4574 888 4628 illius
906 4575 1019 4642 lucipert
1030 4576 1266 4648 boe·perstriugam
1284 4575 1389 4642 saltem,
1407 4575 1502 4628 tectim
1520 4574 1642 4645 exposuit
1653 4573 1837 4640 Steinbartius,
1861 4595 1937 4648 quem
1954 4593 2019 4648 quoa

455 4665 533 4720 modo
546 4665 678 4720 nominavi
691 4666 768 4720 viros
805 4666 878 4719 Dicit
890 4677 975 4720 autem
988 4667 1063 4722 baec:
1078 4667 1162 4720 Wiire
1177 4667 1223 4721 das
1236 4666 1292 4720 sein
1304 4666 1331 4718 in
1344 4666 1432 4738 irgend
1446 4666 1517 4719 einer
1528 4663 1642 4718 hinsicht
1655 4665 1697 4720 ain
1708 4663 1874 4739 bediirftiges,
1887 4685 1916 4720 so
1929 4666 2020 4721 wiirtle

456 4775 483 4810 es
496 4757 597 4829 mangel
609 4756 691 4810 haben
704 4774 737 4810 an
750 4756 835 4823 allam,
854 4757 922 4810 dana
935 4775 1003 4811 wem
1014 4773 1065 4811 οοο
1077 4767 1160 4812 etwas
1173 4775 1233 4812 zum
1246 4757 1302 4812 sein
1314 4757 1388 4822 fablt,
1407 4757 1453 4810 das
1470 4757 1505 4810 ist
1516 4755 1661 4829 iiberbaupt
1671 4756 1754 4822 nicht,
1772 4755 1879 4831 iolglicb
1890 4756 1959 4811 mufa
1972 4757 2019 4813 dea

455 4847 511 4900 sein
524 4847 565 4900 eia
578 4847 659 4920 rdllig
671 4843 865 4922 unbediirltigas
877 4848 941 4902 sein.
974 4849 1155 4924 Supplandum
1169 4848 1247 4920 igitur
1259 4859 1348 4904 censet
1358 4848 1513 4904 vocabulum
1532 4845 1650 4914 ssiteta,
1669 4865 1721 4901 nen
1738 4858 1768 4902 ut
1783 4849 1880 4922 priores
1897 4847 1945 4914 illi,
1963 4839 2019 4903 ‹irr-

454 4927 579 5004 λοῦτηονν,
592 4949 618 4992 et
628 4939 656 4992 id
669 4940 774 5012 quidem
786 4940 860 5008 bane,
878 4953 1025 5013 quanquam
1037 4941 1070 4994 de
1082 4940 1171 4995 addita
1184 4941 1394 4996 conclusiunculas
1406 4939 1516 4998 dubitati
1528 4949 1629 5012 potatu
1645 4939 1694 4996 eetl
1706 4937 1770 4998 tace
1785 4939 1869 4994 minus
1882 4939 1915 4994 sd
1928 4958 1988 4996 rem.
