4500 5666
1176 385 1225 459 29

1085 501 1316 530 mm

418 643 538 732 ubique
559 642 620 710 sibi
643 654 765 710 constet
779 645 839 728 (¹).
886 644 978 732 Quae
1001 647 1105 710 omnia
1127 665 1191 710 non
1213 644 1332 711 idcirco
1355 645 1458 726 attuli,
1489 657 1523 713 ut
1551 653 1747 717 accuratiore
1772 655 1979 740 supersedere

417 777 542 844 possem
565 755 778 842 indagatione,
806 756 864 822 sed
886 767 921 822 ut
943 755 1157 836 ostenderem,
1194 779 1287 842 mam
1309 757 1430 823 lubrica
1460 770 1542 824 esset
1570 763 1603 826 iu
1626 762 1681 827 tali
1702 783 1738 826 re
1761 765 1936 833 emendatio
1960 790 1979 833 e

416 868 485 934 sola
505 869 649 956 profecta
672 873 864 934 coniectura.
908 867 1015 953 Quum
1039 889 1115 934 vero
1140 867 1315 933 emendatio
1342 889 1407 934 non
1429 870 1531 935 valeat
1559 871 1600 937 ad
1624 872 1826 940 difficultates
1849 888 1881 943 et
1903 898 1979 943 con-

416 979 632 1060 tradictiones,
660 980 777 1066 quibus
805 1001 860 1045 ens
888 979 1126 1044 Parmenideum
1155 979 1281 1045 videtur
1307 979 1466 1061 laborare,
1495 984 1716 1066 removendas,
1749 991 1925 1054 accuratius
1947 993 1981 1054 in

415 1112 480 1158 rem
503 1095 603 1178 ipsam
624 1095 784 1178 inquirere
807 1090 967 1156 debemus.
1011 1091 1089 1156 Illos
1111 1094 1204 1178 igitur
1225 1095 1252 1156 si
1275 1091 1508 1158 consideramus
1533 1093 1639 1174 locos,
1667 1095 1724 1160 ubi
1746 1119 1802 1163 ens
1826 1097 1980 1167 deflerem

415 1202 469 1269 rel
493 1203 585 1268 simili
612 1207 738 1269 nomine
770 1203 955 1290 appellatur,
993 1224 1116 1289 semper
1149 1206 1334 1288 temporis
1366 1203 1410 1269 ibi
1439 1204 1546 1270 haberi
1575 1209 1727 1272 rationem
1758 1210 1980 1298 intellegimus;

418 1314 505 1401 quod
527 1326 563 1382 ut
585 1315 699 1382 clarius
722 1323 881 1401 appareat,
904 1336 1015 1380 versus
1037 1315 1110 1380 illos
1133 1324 1271 1401 repetam
1294 1317 1337 1396 (v.
1355 1319 1396 1380 58
1410 1321 1509 1400 sqq.):

936 1430 974 1496 sit
994 1425 1170 1512 ἀγένητον
1190 1421 1232 1492 tir
1251 1421 1303 1494 scel
1322 1420 1521 1514 ὦνόλεθρόν
1544 1427 1626 1509 intr,

718 1533 812 1618 οὖλον,
831 1535 1001 1624 μουνογονίς
1016 1563 1049 1604 τε
1069 1532 1121 1604 sel
1142 1533 1266 1623 ἀτρεμὲς
1284 1536 1330 1612 sid
1350 1535 1562 1619 defessam,

718 1643 838 1717 οὔποτ’
859 1644 915 1726 isis
943 1649 1017 1716 ott
1034 1649 1151 1728 iores,
1183 1646 1244 1718 trel
1265 1652 1323 1718 νῦν
1344 1648 1417 1718 ἔστιν
1440 1651 1517 1737 ipsud
1536 1651 1605 1720 τοῖν.

417 1774 448 1828 el
468 1785 498 1826 v.
515 1765 558 1827 82
573 1783 634 1849 οφ

717 1867 791 1940 irslr
813 1866 988 1961 οἶνορχον,
1009 1865 1209 1953 dranceos,
1237 1871 1297 1941 ἐπεὶ
1317 1871 1429 1961 γίνοτοτ
1448 1869 1500 1942 sel
1521 1867 1634 1964 ἶλεθροτ

716 1984 788 2060 τῆλε
808 1980 887 2070 μέλ’
900 1982 1130 2070 ε’τλοίγχθητοον,
1153 1983 1257 2054 tries
1277 1982 1309 2054 dl
1327 1982 1421 2057 τίττοτ
1443 1981 1562 2061 dardeis.

415 2099 594 2186 Perspicnis
615 2107 779 2183 praeterea
800 2096 905 2162 verbis
927 2096 1108 2183 Simplicius
1131 2117 1171 2162 eo
1193 2097 1284 2180 loco,
1313 2119 1406 2183 quem
1429 2119 1526 2186 supra
1548 2097 1638 2179 dedi,
1661 2098 1851 2166 vocabrdnm
1874 2099 1976 2169 trea-

416 2235 480 2277 στον
503 2208 545 2275 de
566 2219 710 2295 tempore
733 2211 860 2295 accipit:
894 2207 931 2280 εἷς
950 2201 988 2276 ¹‘td
1015 2201 1114 2276 sard
1140 2205 1271 2296 χρίοον
1304 2206 1461 2296 οἷνορχον
1491 2205 1543 2276 sel
1573 2209 1816 2286 ἀτελεύτητον
1844 2208 1896 2279 sal
1922 2207 1977 2279 olsl

415 2311 444 2388 ds
462 2314 583 2398 arrad,
603 2312 716 2408 οἶτοιρον
739 2315 913 2409 ἀπεφήνατο
934 2333 1041 2387 κ.τ.λ.
1085 2321 1175 2386 Haec
1196 2325 1345 2408 temporis
1374 2325 1463 2387 notio
1491 2331 1528 2387 ut
1548 2321 1710 2387 vocabulo
1733 2320 1888 2391 ἀτέλεστον
1915 2324 1978 2389 hoc

412 2433 489 2499 loco
511 2431 675 2512 tribuatur,
697 2432 837 2518 postulat
858 2435 954 2498 totius
976 2431 1042 2497 loci
1063 2437 1229 2514 sententia,
1257 2453 1324 2499 non
1345 2453 1407 2498 vox
1429 2430 1585 2501 driaco-rev
1607 2455 1664 2519 per
1686 2457 1735 2514 se,
1765 2447 1800 2502 ut
1821 2436 1901 2500 infra
1924 2458 1978 2521 ap-

414 2543 538 2630 parebit
553 2543 611 2629 (2).
656 2545 756 2610 Notio
778 2547 871 2631 igitur
892 2543 1042 2609 infiniti
1065 2549 1183 2626 entis,
1211 2547 1231 2610 i.
1247 2565 1274 2610 e.
1297 2547 1429 2626 aeterni,
1457 2548 1518 2610 iam
1539 2566 1626 2610 nnnc
1646 2545 1771 2612 videtur
1793 2546 1879 2635 apud
1901 2547 1978 2612 Par-

415 2654 568 2722 menidam
590 2660 657 2722 sine
679 2655 779 2721 dubio
805 2665 937 2720 exstare.

545 2768 585 2832 Et
605 2769 741 2832 fortasse
763 2770 854 2832 etiam
877 2766 942 2832 loci
963 2766 1017 2832 vel
1037 2749 1129 2854 spatii
1150 2767 1230 2833 fines
1254 2765 1295 2833 ab
1319 2777 1391 2834 ente
1414 2766 1639 2835 abiudicandos
1669 2791 1739 2836 esse
1767 2773 1829 2835 iam
1851 2770 1977 2836 Parme·

413 2878 503 2946 uides
524 2882 745 2967 praecepisset,
768 2877 1032 2966 quemadmodum
1055 2901 1072 2943 a
1095 2880 1226 2946 Melissa
1248 2880 1363 2946 factum
1385 2879 1542 2958 videmus,
1568 2883 1628 2944 nisi
1652 2885 1820 2965 quominus
1843 2902 1883 2947 eo
1905 2875 1977 2970 per·

413 3002 514 3080 geret,
544 2989 760 3057 Parmenidem
783 2989 1018 3077 impedivissent
1038 2995 1175 3058 rationes
1197 2990 1283 3056 baud
1311 2990 1475 3058 obscurae.
1519 2991 1722 3058 Parmenides
1745 2996 1840 3072 enim,
1871 3002 1905 3057 nt
1934 2997 1978 3056 ait

413 3103 610 3184 Aristoteles,
633 3124 689 3168 ens
710 3100 790 3168 illud
812 3105 910 3188 attigit
931 3095 1015 3170 sard
1033 3100 1122 3190 λόγον
1143 3141 1177 3154 -
1197 3101 1250 3168 vel
1271 3114 1306 3169 ut
1327 3102 1423 3168 bodie
1445 3101 1562 3182 dicunt,
1585 3103 1686 3189 logica
1708 3107 1887 3168 ratione-
1911 3122 1976 3166 non

413 3233 499 3294 vero,
522 3223 558 3278 ut
576 3213 732 3292 Melissus,
755 3215 837 3281 sard
855 3212 905 3288 stis
924 3210 1007 3295 ὕλην,
1029 3217 1091 3280 ie.
1113 3215 1245 3304 physica
1266 3214 1319 3279 vel
1340 3218 1448 3304 potius
1471 3215 1684 3302 metaphysica
1709 3217 1846 3289 rabones
1869 3233 1976 3298 quam·

413 3324 524 3392 obrem
545 3325 747 3392 Parmenides
768 3328 909 3412 inprimis
939 3324 1078 3391 debebat
1099 3325 1284 3414 praedicare
1307 3330 1386 3392 entis
1407 3330 1612 3413 integritatem
1634 3327 1923 3413 perfectionemque
1946 3337 1977 3390 et

413 3449 523 3504 contra
546 3441 651 3503 omnia
673 3436 715 3503 ab
738 3459 778 3503 eo
802 3457 923 3515 arcere,
954 3457 1036 3522 quae
1063 3436 1096 3502 id
1124 3438 1339 3525 imperfectum
1367 3438 1536 3506 redderent
1565 3439 1619 3521 (cf.
1642 3463 1672 3503 v.
1689 3441 1740 3502 88.
1768 3432 1827 3503 irrl
1845 3431 1904 3523 pi,
1924 3437 1977 3504 οὐκ
2061 3521 2062 3524 ¹

414 3545 561 3633 adata).
606 3551 662 3616 Sin
685 3557 789 3614 autem
812 3547 875 3614 loci
897 3551 1047 3614 terminos
1070 3547 1110 3614 ab
1134 3561 1205 3616 ente
1228 3548 1452 3629 abiudieasset,
1481 3571 1548 3616 non
1577 3547 1662 3616 aliud
1683 3548 1795 3613 fuisset
1815 3546 1848 3614 ri
1867 3540 1896 3614 lv
1917 3553 1977 3614 nisi

412 3682 555 3742 saeuum,
577 3665 770 3740 immensum,
791 3658 999 3740 indefinitum,
1020 3661 1245 3746 imperfectum,
1267 3664 1362 3725 immo
1385 3664 1445 3726 iam
1468 3660 1606 3726 nibilum.
1650 3660 1731 3725 Nam
1752 3660 1977 3746 perfectionem
2059 3735 2061 3742 2

412 3771 632 3860 qualitatis,
655 3776 682 3837 si
704 3776 746 3838 ita
769 3772 843 3836 licet
866 3770 971 3837 dicere
995 3807 1036 3822 -
1060 3775 1094 3836 in
1117 3775 1347 3859 quantitatis
1370 3773 1602 3859 perfectionem,
1625 3775 1706 3836 sicut
1729 3791 1825 3858 saepe
1846 3770 1893 3854 fit,
1915 3785 1977 3838 tra·

412 3883 510 3951 duxit.
555 3883 611 3952 Ob
638 3904 773 3970 eamque
799 3905 926 3949 cansam
951 3867 1207 3970 perfectissimam
1234 3903 1407 3970 corporum
1433 3885 1578 3964 formam,
1612 3881 1777 3970 globosam
1800 3883 1888 3964 dico,
1921 3884 1976 3949 eli-

448 4167 491 4239 (ι)
530 4169 571 4225 Cf.
584 4168 682 4222 Steinb.
695 4169 721 4222 in
734 4168 835 4222 Erschii
849 4185 904 4222 eac.
918 4186 938 4222 s
950 4186 975 4222 r.
994 4168 1083 4222 Pssm:
1106 4170 1183 4223 Doch
1201 4176 1306 4224 missen
1324 4171 1374 4225 wir
1394 4167 1517 4241 angebar,
1537 4166 1595 4222 dnfs
1614 4167 1657 4224 die
1677 4170 1745 4224 noch
1765 4165 1974 4240 nnausgsbildate

412 4259 539 4315 dielsktils
551 4261 598 4314 das
609 4259 785 4327 Parmenides,
803 4278 833 4314 so
845 4259 898 4312 wie
911 4259 949 4312 sie
962 4259 1018 4312 sich
1034 4259 1097 4313 iiber
1110 4260 1152 4314 die
1165 4259 1296 4333 positiven
1308 4262 1454 4332 praedicate
1468 4257 1514 4311 des
1534 4260 1604 4313 seins
1617 4261 1778 4326 verbreitote,
1795 4260 1822 4312 in
1836 4258 1912 4311 einen
1924 4259 1973 4310 wi·

412 4351 552 4422 ‘¹0¹⁸P'fl0h
564 4352 612 4406 mil
623 4350 680 4404 '5⁰¹¹
692 4349 775 4404 ’ΒΜ
785 4351 910 4405 V⁰ff²l¹0¹¹
923 4349 1031 4416 mulne,
1050 4350 1084 4404 ds
1102 4352 1143 4406 ein
1156 4351 1237 4423 rttllig
1255 4350 1495 4426 bewegnngsloses,
1512 4349 1540 4403 in
1552 4349 1704 4420 abstracter,
1724 4350 1810 4405 todter
1821 4349 1919 4402 einheit
1929 4349 1974 4403 be-

411 4441 551 4496 mm
568 4444 624 4498 ⁸⁰5³
646 4440 713 4496 '¹¹⁰¹'
734 4439 804 4496 Μ*
822 4441 942 4516 minin
962 4441 1112 4513 Pmdlkm
1130 4441 1232 4507 ΠΜ,
1252 4442 1318 4498 11101
1336 4451 1470 4498 concretes
1490 4441 1662 4516 bestimmung
1682 4441 1742 4497 sber
1761 4439 1816 4494 sich
1838 4440 1974 4496 sntsieben

411 4532 514 4588 mnfste

449 4621 493 4692 (²)
533 4623 673 4696 Comparas
686 4623 765 4678 alium
777 4622 862 4677 locum
876 4623 1012 4696 Simplicii,
1031 4623 1076 4678 ubi
1088 4623 1190 4678 Melissi
1202 4624 1280 4678 verbs
1296 4624 1438 4680 referuntur
1449 4623 1525 4678 baec:
1537 4610 1603 4678 'Osi
1614 4621 1694 4676 τοίνυν
1706 4617 1748 4674 ota
1760 4619 1863 4692 Ιρονοτο,
1882 4618 1937 4676 less
1948 4642 1974 4676 ss

411 4715 453 4768 sal
464 4709 505 4768 οἷοὶ
515 4703 544 4782 ἦν
555 4713 597 4766 sal
608 4710 647 4768 tut
660 4715 731 4768 isses
749 4707 792 4767 sal
803 4707 887 4790 τ’ρχνίν
899 4707 941 4768 cs’s
953 4710 1012 4790 ἔχον
1026 4709 1082 4770 seat
1092 4713 1220 4782 salsuris·
1236 4707 1267 4768 sd
1279 4713 1308 4770 bi
1319 4703 1378 4788 μῆη
1391 4707 1475 4788 ἀρχῆ,
1488 4713 1551 4790 tx„
1563 4707 1621 4786 pq„
1637 4699 1752 4778 πρωὶ,
1764 4701 1868 4784 amp„
1878 4705 1975 4788 mg·

413 4825 447 4859 sss
461 4795 488 4860 ds
505 4827 527 4859 s.
538 4807 598 4858 cl.
638 4807 739 4860 Melissi
753 4817 840 4860 sutem
852 4807 930 4862 verba
947 4806 1007 4861 ideo
1026 4825 1076 4862 non
1095 4807 1207 4861 dicaam
1227 4818 1267 4863 est
1284 4805 1437 4879 comparari,
1457 4806 1518 4878 quia
1535 4805 1682 4862 diffemntis
1699 4803 1765 4858 iuter
1776 4805 1937 4861 Parmenidis
1951 4818 1976 4862 et

412 4899 514 4954 Melissi
527 4896 666 4964 necuim,
680 4897 712 4950 ab
727 4897 864 4955 Aristotele
877 4897 964 4957 serbis
975 4899 1039 4954 satis
1052 4899 1121 4954 notis
1134 4915 1265 4972 expressa,
1277 4899 1305 4954 in
1317 4897 1440 4970 temporis
1453 4897 1586 4954 nodosam
1598 4911 1759 4968 nequaqnam
1772 4895 1849 4952 cidit,
2050 4891 2051 4898 ³
