4500 5666
1183 441 1228 513 31

423 701 492 762 niue
515 706 634 776 eeneet,
665 699 754 762 euius
776 701 822 763 rei
845 698 1033 783 exemplum,
1065 697 1154 783 quod
1177 719 1272 764 unum
1293 699 1442 784 stephan.
1466 700 1542 764 thes.
1567 700 1671 780 allent,
1700 701 1810 788 legitur
1832 702 1981 788 Aeschyl.

424 811 529 895 Agam.
557 830 586 872 v.
606 806 686 873 1111
713 809 828 875 Herma

875 920 936 1008 φεῦ
958 917 996 988 alr
1020 914 1056 988 alr
1077 921 1105 985 ἒν
1125 917 1224 1004 aalma
1244 917 1289 1007 μτῖ
1309 915 1482 1006 περιώδυνος,

785 1053 793 1067 “
873 1030 950 1114 pall
972 1025 1158 1117 διμννντνῖρητ,

873 1141 962 1229 μέλον
981 1139 1027 1211 τδν
1049 1138 1104 1211 alal
1125 1141 1247 1230 φέροντ’
1262 1142 1308 1230 ἐφ’
1332 1147 1400 1224 ἡμῖν

872 1257 951 1339 μνῒρ’
964 1250 1118 1320 triam
1139 1251 1226 1318 ὕτννν
1254 1281 1282 1320 κ.
1294 1279 1319 1320 τ.
1332 1267 1362 1320 λ.

420 1364 500 1430 Nam
523 1364 613 1451 qnod
636 1364 675 1431 ad
697 1365 855 1446 Philonis,
883 1386 978 1451 quem
1000 1364 1179 1451 Stephanus
1203 1367 1291 1443 eitat,
1320 1363 1425 1430 lnenm
1454 1369 1563 1430 attinet
1591 1376 1621 1430 et
1644 1363 1685 1430 ad
1704 1377 1826 1432 eeteros
1850 1371 1984 1434 seriores

420 1479 600 1563 aeriptoree,
623 1485 705 1562 qrins
727 1480 852 1563 saepius
874 1475 1006 1542 verbum
1031 1473 1220 1549 ἀτελεύτητον
1242 1497 1301 1561 pro
1324 1473 1425 1540 verbo
1448 1471 1554 1542 αἰώνιον
1575 1497 1745 1562 usurpasse
1768 1490 1900 1559 constat,
1922 1480 1985 1543 hoe

419 1608 521 1674 prope
543 1587 620 1652 nihil
641 1587 682 1652 ad
706 1588 895 1654 Parmenidia
918 1586 1043 1652 dicendi
1073 1589 1236 1652 rationem.
1280 1587 1324 1650 Er
1347 1588 1395 1652 his
1418 1587 1510 1654 lacile
1541 1587 1713 1674 intelleges,
1744 1593 1875 1674 opinor,
1907 1588 1985 1675 quid

420 1696 460 1762 de
481 1699 640 1764 Karstenii
663 1702 828 1785 opinione,
858 1698 978 1764 elocis
1001 1697 1129 1764 (luobus
1156 1697 1217 1761 illia
1238 1701 1316 1762 mire
1339 1695 1489 1779 deducta,
1519 1702 1558 1764 sit
1580 1697 1787 1765 iudicandum.
1833 1699 1984 1767 Ceterum

418 1830 575 1895 nequem
599 1822 723 1876 moveat
744 1812 900 1876 Karstenii
924 1814 1110 1889 auctoritas,
1141 1819 1176 1873 ut
1198 1808 1354 1895 vulgatam
1378 1813 1565 1895 scripturam
1595 1821 1692 1875 mutet
1722 1815 1754 1876 in
1776 1811 1866 1876 aliam
1889 1811 1983 1892 illam,

419 1924 601 1987 sententiam
624 1921 826 2009 praebentem
849 1923 1053 2001 contrariam,
1076 1923 1126 1984 vix
1149 1930 1197 1985 eat
1219 1919 1308 2006 quod
1332 1930 1479 1998 metuam,
1503 1925 1685 2008 praesertim
1708 1927 1734 1987 ai
1757 1927 1828 2009 quie
1850 1933 1983 2010 reputet,

419 2053 543 2098 aeneum
566 2031 750 2112 verborum,
781 2054 854 2100 raro
878 2055 896 2097 a
919 2035 1073 2119 scriptore
1102 2031 1210 2117 aliquo
1233 2029 1460 2112 adhibitorum,
1492 2035 1688 2118 potissimum
1715 2056 1733 2097 e
1760 2037 1982 2100 sententiarum

419 2143 609 2232 singularum
630 2165 712 2210 nexu
733 2166 802 2210 ease
821 2143 1034 2210 hauriendum.
1079 2143 1160 2208 llum
1183 2153 1287 2207 autem
1311 2129 1532 2208 sententiarum
1554 2165 1676 2225 nexum,
1699 2148 1730 2209 in
1754 2167 1818 2231 quo
1841 2149 1981 2211 eontine-

419 2266 472 2320 tur
490 2254 684 2320 vocabulum
707 2254 787 2321 illud
813 2251 1003 2330 ἀτελεύτητον
1027 2258 1071 2335 (ν.
1088 2253 1154 2338 87),
1182 2273 1382 2340 naquaquam
1405 2252 1548 2333 euadere,
1578 2267 1614 2320 ut
1644 2261 1794 2345 temporis
1821 2261 1981 2322 notionem

419 2366 492 2432 huie
514 2365 616 2434 verbo
639 2366 855 2446 attribuamus,
876 2370 938 2434 iam
959 2387 1057 2453 supra
1078 2363 1283 2432 ostendimur.
1328 2365 1435 2432 Locus
1458 2385 1536 2431 vern
1559 2366 1763 2465 Parmenirlie,
1787 2389 1879 2454 quem
1901 2370 1980 2433 Kar·

420 2481 537 2544 tteniua
558 2499 743 2566 comparare
763 2478 851 2546 iubet
875 2481 1092 2564 (v.81eqq.)‚
1123 2487 1158 2544 nt
1180 2498 1232 2542 rea
1253 2479 1321 2562 ipea
1344 2474 1453 2555 docet,
1483 2488 1514 2544 et
1533 2481 1593 2544 iam
1617 2489 1709 2544 antea
1735 2479 1982 2546 demonstratum

421 2601 478 2668 eet,
500 2590 594 2676 plane
616 2590 696 2656 alius
719 2602 766 2658 eet
790 2593 971 2678 argumenti.
