4500 5666
1208 397 1231 472 5

436 661 597 746 repetitur,
620 660 739 744 quippe
763 677 845 743 quae
866 655 1084 722 ‘calamitatum
1107 676 1218 720 caum
1240 654 1448 743 expiandique
1470 657 1590 724 modos’
1610 659 1728 726 relerre
1750 658 1898 742 solerent.
1943 661 2003 724 Er·

436 768 543 858 piandi
564 789 642 834 vero
665 767 795 846 modos,
824 787 907 853 qnos
935 769 1026 854 quasi
1053 765 1162 832 divino
1190 765 1299 833 afflatu
1320 770 1465 832 inventos
1488 768 1714 853 praedicabant
1735 782 1864 857 poetae,
1896 775 1929 837 iu
1952 794 2001 836 sa-

436 883 496 948 cris
517 879 708 968 quibusdam
731 878 843 945 ritibus
865 882 989 946 ieiuniis
1010 877 1221 944 lavationibus
1245 878 1321 958 aliis,
1343 877 1461 965 quibua
1481 878 1579 946 rebus
1602 885 1766 970 mysticam
1788 885 1891 950 inesse
1909 885 2001 970 signi·

435 991 612 1060 dationem
634 990 794 1070 volabaut,
816 993 940 1077 positos
963 1011 1033 1056 esse
1056 1001 1190 1057 constat
1236 989 1345 1074 Quare
1367 1011 1439 1055 curn
1462 991 1617 1058 eiusmodi
1645 993 1760 1080 placita
1787 997 1821 1060 iu
1841 993 2000 1059 nonnullis

435 1105 612 1192 lrsgmsutis
627 1102 846 1190 Empedoclcis
869 1111 1050 1188 appareant,
1071 1105 1108 1167 iis
1130 1123 1195 1168 uon
1210 1101 1423 1170 dubitabimus
1445 1103 1549 1169 locum
1569 1106 1601 1168 iu
1623 1102 1807 1172 lustralibus
1831 1109 2001 1193 assignare:

435 1217 475 1282 ci.
497 1237 547 1301 ap.
569 1216 722 1282 Steinium
745 1236 827 1280 vers.
843 1211 1007 1280 tto-tto.
1049 1212 1114 1280 Sed
1136 1213 1225 1281 vides
1247 1235 1341 1301 quam
1363 1236 1472 1280 manca
1494 1218 1534 1280 ait
1555 1214 1609 1280 illa
1631 1218 1822 1296 coniectura,
1846 1229 2001 1305 quatenus

436 1350 454 1394 e
476 1327 548 1395 solo
570 1326 663 1392 titulo
687 1325 837 1414 pendeat;
859 1323 937 1412 quid
960 1327 1042 1390 enirn
1066 1323 1180 1407 obstat,
1209 1346 1339 1412 quaeso,
1367 1331 1535 1414 quominus
1556 1324 1782 1413 Empedoclem
1805 1339 1836 1394 et
1858 1328 1899 1394 de
1922 1328 2001 1393 mul-

435 1443 474 1506 tia
496 1439 565 1506 aliia
588 1436 684 1505 rebus
706 1441 740 1504 in
761 1434 944 1503 lustralibus
967 1434 1152 1505 disseruisse
1174 1442 1340 1523 putemus?

566 1551 637 1616 Nec
657 1570 737 1616 vero
759 1558 933 1614 veterum
957 1551 1182 1615 testimonia
1204 1550 1284 1614 banc
1306 1571 1372 1615 rem
1395 1552 1470 1614 satis
1492 1549 1656 1616 illustrant
1691 1547 1781 1636 Quid
1799 1553 1890 1631 enirn,
1913 1550 2002 1636 quod

435 1663 595 1750 Diogenes
616 1662 637 1728 l.
660 1661 681 1728 1.
703 1663 823 1726 initium
846 1659 1006 1746 καθαρμῦν
1028 1658 1102 1725 ideo
1124 1660 1229 1740 affert,
1257 1671 1293 1726 ut
1321 1660 1545 1748 Empedoclem
1568 1659 1724 1728 medicum
1753 1672 1784 1726 et
1806 1671 1908 1726 vatem
1932 1683 2001 1726 esse

434 1773 508 1840 iude
531 1772 664 1839 efficiat?
686 1774 787 1839 Porro
811 1775 837 1838 si
860 1770 901 1837 ab
924 1770 1036 1836 eodem
1058 1771 1213 1859 Diogene,
1236 1771 1314 1853 aliis,
1340 1772 1486 1837 traditum
1510 1775 1698 1859 accepimus,
1726 1771 1804 1837 illud
1826 1772 2001 1838 lustralium

434 1907 559 1952 carmen
581 1884 755 1971 Olympiae
777 1904 847 1949 esse
869 1885 1106 1968 pronuntiatum
1129 1905 1147 1948 a
1169 1883 1329 1969 rhapsodo
1358 1883 1509 1970 quodam,
1539 1882 1643 1970 (quod
1664 1905 1730 1950 uon
1752 1895 1800 1949 est
1822 1905 1880 1949 cur
1901 1882 2001 1948 addu-

433 1995 592 2079 bitemus)
619 2005 723 2060 tamen
750 1993 836 2059 aliud
865 1992 939 2060 inde
966 1997 1016 2060 vix
1038 1993 1186 2060 concludi
1209 2004 1323 2082 potest,
1352 2017 1444 2081 quarn
1467 1996 1538 2070 boc,
1568 1993 1648 2062 illud
1671 2016 1795 2060 cannen
1817 1981 1886 2060 non
1906 1994 2000 2080 longe

435 2107 580 2196 apopuli
602 2106 811 2194 intellegentia
833 2127 994 2192 sensuque
1016 2105 1206 2172 disiunctum
1225 2107 1335 2173 fuisse.
1371 2105 1523 2193 Quocum
1538 2104 1573 2172 id
1588 2129 1718 2194 quoque
1733 2109 1889 2185 convenit,
1912 2103 2001 2190 quod

434 2223 466 2286 in
487 2219 544 2286 illo
567 2220 756 2305 fragmento,
785 2217 876 2304 quod
898 2239 995 2282 uuunr
1017 2216 1192 2282 lustralium
1214 2224 1341 2284 nomine
1363 2216 1456 2283 uobis
1481 2217 1624 2284 relictum
1653 2230 1715 2299 est,
1744 2217 1785 2284 ad
1813 2217 2000 2303 complures,

435 2330 474 2397 ad
497 2334 582 2398 cives
605 2329 678 2394 dieo
701 2333 932 2418 Agrigentinos,
955 2331 1057 2395 oratio
1080 2350 1115 2394 ae
1139 2333 1302 2410 convertit,
1325 2349 1427 2415 eaque
1449 2330 1678 2416 hymnorum
1700 2334 1807 2418 magis,
1829 2351 1924 2416 quarn
1942 2332 2001 2392 ari·

434 2441 494 2508 dae
515 2440 734 2528 pbilosopbiae
756 2452 898 2507 naturam
922 2439 1082 2524 ostendit(
1088 2441 1127 2524 ¹).
1165 2440 1300 2521 Deinde,
1323 2439 1399 2527 quid
1422 2439 1484 2506 sibi
1505 2441 1590 2522 velit,
1613 2441 1702 2528 quod
1717 2441 1873 2528 Apuleius
1887 2442 2002 2506 lustra·

434 2553 475 2620 lia
497 2556 632 2618 carmina
654 2555 774 2640 magiae
796 2563 943 2640 suspecta
965 2573 1035 2618 esse
1054 2552 1157 2631 tradit,
1180 2573 1246 2617 non
1268 2552 1362 2639 plane
1385 2563 1580 2640 compertum
1600 2553 1761 2634 babemus,
1783 2573 1888 2639 neque
1910 2553 2002 2619 Stur-

436 2669 476 2732 rii
498 2669 629 2752 copiosa
652 2663 865 2752 disputatione
887 2666 1067 2750 (pos-55)
1088 2663 1290 2752 Empedoclis
1312 2662 1365 2730 illa
1387 2662 1513 2752 μαγεία,
1535 2665 1661 2751 γοητεία,
1681 2662 1874 2752 τερατολογία
1893 2670 2002 2750 (quarn

432 2799 544 2846 rocem
567 2799 584 2842 e
608 2775 758 2844 Cedrouo
781 2777 938 2858 ailerunt.)
960 2797 994 2840 re
1016 2796 1092 2840 vera
1115 2775 1296 2862 explicatur.
1341 2776 1404 2840 Vir
1425 2787 1473 2842 est
1498 2780 1598 2864 igitur,
1626 2799 1683 2842 cur
1705 2799 1775 2842 curn
1799 2777 1920 2842 Steinio
1944 2779 2000 2840 mi-

433 2894 521 2969 reris,
542 2893 629 2955 viros
652 2889 766 2954 doctos
789 2891 822 2952 iu
842 2887 901 2950 bac
921 2907 956 2951 re
980 2907 1127 2974 vagarum
1156 2891 1341 2983 opinionum
1365 2886 1574 2954 infirmitatem
1597 2909 1662 2954 nou
1686 2909 1756 2954 esse
1778 2871 1999 2976 transgressos.

433 3001 496 3068 Sed
524 3011 610 3066 recte
637 3022 698 3066 uos
725 2997 868 3085 exemplo
899 3019 959 3062 sua
987 2997 1150 3078 admouet,
1176 3011 1211 3063 ut
1238 3002 1373 3086 propius
1399 2998 1532 3068 adrem
1562 2998 1773 3066 definiendam
1805 2998 1999 3065 accedamus.

433 3113 532 3200 Quod
553 3115 634 3178 euim
662 3112 703 3176 ad
725 3122 866 3176 naturam
889 3109 1064 3175 lustralium
1093 3108 1346 3196 cognoscendam
1369 3115 1490 3192 attinet,
1517 3133 1535 3176 e
1559 3109 1732 3198 lragmeuto
1757 3132 1853 3196 supra
1875 3131 1894 3174 e
1917 3110 1999 3172 Dio-

432 3246 510 3311 gene
523 3213 692 3309 'descripto
716 3220 836 3310 aliquid
866 3221 974 3287 saltem
1003 3221 1043 3287 de
1065 3221 1199 3286 consilio
1222 3224 1367 3288 carminis
1391 3220 1513 3288 discere
1535 3242 1721 3309 possumus;
1749 3243 1821 3286 uam
1845 3218 1999 3307 quodibi

432 3335 473 3402 de
494 3357 529 3400 se
552 3333 727 3422 praedicat,
755 3354 821 3400 non
844 3337 905 3398 iam
926 3354 997 3399 sese
1022 3332 1183 3399 mortalem
1208 3355 1291 3412 esse,
1319 3332 1375 3398 sed
1398 3337 1505 3421 potius
1527 3332 1637 3413 deum,
1667 3333 1699 3399 id
1722 3331 1885 3419 quomodo
1906 3331 1998 3396 latius

431 3458 537 3534 pateat
559 3457 655 3532 atque
678 3451 710 3510 in
733 3445 814 3512 alios
837 3467 969 3532 quoque
985 3444 1119 3530 quadret
1137 3445 1188 3510 rel
1211 3443 1367 3530 quadrare
1389 3444 1512 3524 debeat,
1531 3443 1699 3512 verisimile
1719 3456 1766 3510 est
1785 3464 1855 3510 enm
1873 3447 1905 3508 iu
1924 3465 2001 3529 pro-

431 3563 516 3626 ximis
541 3561 733 3645 exposuisse.
777 3559 818 3622 Et
840 3561 998 3643 aptissime
1018 3557 1156 3623 Steiuius
1178 3557 1283 3622 locum
1312 3557 1470 3621 Plutarchi
1500 3555 1540 3622 de
1563 3556 1603 3622 Is.
1624 3568 1657 3622 et
1678 3556 1737 3622 Os.
1763 3578 1794 3642 p.
1817 3557 1878 3621 361
1909 3555 1999 3648 uliert

431 3672 529 3737 huno:
547 3671 643 3758 ’Epire
666 3665 697 3735 dl
727 3663 777 3736 stol
801 3666 888 3737 iiras
911 3661 986 3756 duel
1005 3666 1114 3736 Aliter
1135 3663 1202 3741 rarle
1226 3667 1368 3749 δαίμονας
1390 3663 1427 3734 ὧν
1446 3657 1511 3750 (dr)
1520 3665 1708 3757 ἐξαμάρτωσι
1734 3663 1787 3734 sal
1812 3665 2000 3752 πλημμελή-

431 3804 527 3850 rasrrr·
546 3779 667 3870 Aldiprar
686 3776 741 3862 rclr
762 3777 968 3868 qdp....(cl.
987 3803 1016 3844 v.
1032 3780 1197 3865 stt-80.)
1216 3772 1310 3864 ἄχρις
1329 3775 1362 3846 οὗ
1383 3777 1572 3852 κολασθέντας
1591 3779 1667 3846 οὕτω
1688 3774 1741 3848 sol
1759 3778 2000 3864 καθαρθθντες
2044 3849 2045 3854 ,

431 3888 514 3964 αὖθις
535 3891 585 3966 rsit
613 3887 695 3961 nord
724 3890 815 3981 φύσιν
835 3887 941 3976 χάραν
963 3888 1014 3958 recl
1034 3888 1117 3981 τίξιν
1138 3888 1386 3974 αἰπολίβωσιθ).
1430 3891 1524 3957 Unde
1550 3891 1643 3956 stul
1667 3889 1840 3958 concludes
1864 3903 1998 3978 postem,

429 4009 612 4094 priusquam
633 4000 674 4068 de
691 4007 864 4070 animorum
888 4005 1052 4070 erectione
1071 4001 1110 4068 ad
1130 4001 1209 4068 deos
1228 4005 1433 4089 praeceperit,
1451 4003 1634 4068 disseruisse
1653 4000 1695 4069 de
1713 4001 1905 4090 deplorabili
1923 4003 1998 4069 dae-

429 4139 559 4184 monum
580 4125 676 4194 sorte,
699 4135 762 4201 qua
785 4115 860 4180 olim
882 4136 902 4180 c
925 4113 1018 4179 coelo
1040 4117 1074 4178 in
1095 4126 1236 4180 terrenas
1260 4118 1401 4178 venerint
1424 4119 1576 4201 regiones.
1611 4113 1693 4180 Nam
1711 4126 1747 4180 ut
1767 4125 1899 4201 propter
1915 4118 1997 4180 ritae

429 4233 635 4316 iutegritatem
659 4227 754 4292 borno
777 4227 816 4292 ad
834 4226 914 4293 deos
936 4225 1086 4306 evehitur,
1107 4230 1151 4291 ita
1172 4223 1344 4312 aliquando
1364 4225 1533 4292 daemones
1556 4225 1701 4292 nonnulli
1719 4237 1853 4314 propter
1868 4224 1997 4302 scelera,

429 4339 541 4420 (veluti
562 4349 695 4426 propter
716 4338 859 4421 caedem)
882 4359 900 4402 a
922 4336 1054 4402 coelesti
1074 4335 1152 4404 sede
1174 4337 1369 4404 devenerunt
1390 4341 1422 4402 iu
1450 4349 1563 4416 terras,
1592 4348 1627 4403 ut
1656 4337 1702 4404 ibi
1729 4336 1848 4403 scelera
1874 4336 1997 4402 luerent

429 4462 528 4538 atqua
547 4455 717 4538 expiarent.
761 4449 823 4514 llic
849 4453 942 4537 igitur
963 4446 1089 4514 ridetur
1116 4449 1213 4515 luisse
1241 4469 1339 4514 uerus
1360 4447 1548 4536 placitorum
1574 4451 1606 4513 in
1634 4447 1816 4514 lustralibus
1837 4450 1998 4533 exporito-

430 4584 508 4642 rum,
527 4558 698 4628 daemones
716 4571 751 4627 ut
770 4563 904 4647 primum
927 4570 1154 4626 monstraretur
1176 4559 1339 4647 quomodo
1362 4559 1441 4647 lapsi
1464 4571 1570 4626 essent
1592 4571 1689 4646 atque
1707 4563 1739 4625 in
1753 4571 1852 4626 terras
1868 4557 1997 4640 detrusi,

430 4675 578 4690 ...ιι-ι-

466 4727 509 4798 (¹)
547 4728 588 4783 Cf.
603 4747 668 4799 quae
681 4728 801 4782 Philostr.
815 4729 875 4782 Vita
888 4728 972 4800 Apoll
985 4729 1052 4780 Vlll.
1068 4727 1091 4782 l.
1105 4724 1122 4778 6
1136 4725 1225 4782 babet:
1246 4717 1358 4798 ipsane
1376 4720 1406 4787 alr
1423 4719 1486 4788 Sada
1505 4727 1532 4798 Ιξ
1551 4719 1681 4798 α’νθρθιου
1699 4725 1792 4779 iecere.

466 4817 508 4888 (¹)
536 4819 587 4904 'Cl
603 4835 668 4891 quaa
681 4819 796 4874 Sicinius
814 4819 906 4874 codem
926 4819 985 4874 lucc
1006 4817 1043 4890 (p.
1057 4815 1104 4888 tt)
1123 4817 1194 4872 dedit
1210 4837 1224 4871 a
1244 4819 1375 4874 Clemente
1394 4817 1433 4872 Al.
1451 4817 1506 4872 τδν
1525 4817 1624 4886 eopse
1641 4811 1697 4878 τὶς
1716 4809 1824 4892 ψυχθς
1841 4813 1940 4880 broile
1957 4819 1995 4890 >t-

431 4913 521 4966 urber
538 4933 558 4966 a
571 4929 595 4963 r.
609 4913 637 4962 λ.
653 4919 679 4964 et
691 4927 756 4982 quae
770 4929 847 4984 supra
861 4928 875 4966 o
889 4909 1037 4966 Philostrsti
1050 4911 1081 4964 V.
1095 4913 1143 4983 Ap.
1156 4909 1340 4982 exscripsimus
1351 4899 1439 4982 ὅμως
1457 4903 1488 4972 ale
1505 4903 1583 4972 sade
1600 4909 1630 4980 Ιξ
1648 4900 1814 4980 θιθρθιαυ
1832 4907 1923 4964 karra.
