4500 5666
1188 453 1234 530 tt

422 714 576 778 eissimam
602 711 714 778 Steinii
744 709 988 798 disputationem
1012 731 1043 796 p.
1065 711 1085 774 8
1109 730 1179 796 sqq.
1228 709 1305 776 Non
1331 706 1539 777 dubitandum
1561 714 1663 800 ip'tur,
1695 715 1772 799 quin
1794 713 1835 780 ad
1858 737 1992 793 carmen.

421 817 626 912 περὶφύσεως
648 820 690 887 ab
712 821 905 908 Empedocle
926 823 1086 908 scriptum,
1108 819 1154 887 illi
1173 841 1284 886 versus
1309 819 1465 886 referendi
1486 825 1557 888 siut.

554 934 658 1000 Porro
683 945 787 999 autem
809 935 837 999 si
858 936 959 1020 agitur
978 931 1019 998 de
1041 931 1116 997 loco
1142 935 1286 998 carminis
1309 932 1442 1019 physici,
1466 954 1558 1019 quem
1580 934 1789 1022 Empedocles
1810 941 1876 1004 istis
1897 943 1993 1005 versi-

421 1045 484 1112 bus
507 1048 719 1132 assignaverit,
742 1047 847 1110 omnia
869 1065 930 1110 nos
957 1042 1128 1124 adducunt,
1149 1056 1185 1109 ut
1209 1047 1242 1109 in
1264 1046 1430 1131 prooemio
1452 1041 1559 1110 sedem
1580 1045 1707 1112 illorum
1730 1070 1878 1134 versuum
1898 1052 1993 1117 luisse

422 1166 579 1244 putemus.
624 1157 711 1222 Nihil
733 1159 814 1224 enim
837 1158 869 1220 in
892 1157 930 1220 iis
954 1154 1057 1234 docet,
1086 1153 1143 1220 sed
1165 1158 1317 1242 promittit
1339 1154 1507 1241 singularia
1528 1153 1621 1234 dona,
1651 1178 1669 1221 e
1693 1158 1911 1248 philosophiae
1939 1185 1994 1228 co-

421 1271 562 1356 gnitione
581 1267 805 1334 redundatura.
836 1266 947 1352 Quare
965 1277 1052 1333 recte
1073 1267 1212 1334 Steinius
1232 1267 1291 1333 bos
1313 1288 1428 1332 novem
1447 1287 1557 1332 versus
1575 1269 1609 1332 in
1628 1275 1828 1354 prooemio
1849 1278 1995 1360 posuisse

422 1379 599 1446 censendus
623 1391 678 1445 est
722 1379 760 1444 ln
784 1399 824 1444 eo
848 1389 951 1445 tamen
976 1399 1099 1444 errasse
1120 1398 1191 1444 eum
1214 1389 1303 1464 puto,
1327 1376 1416 1463 quod
1437 1379 1484 1444 his
1506 1376 1652 1444 versibus
1673 1389 1774 1446 totum
1797 1389 1994 1469 prooemium

422 1489 534 1556 linivit.
579 1491 659 1556 Nam
682 1491 757 1556 mihi
780 1493 888 1578 potius
912 1493 945 1556 in
973 1493 1075 1578 capite
1103 1493 1260 1578 prooemii
1287 1492 1388 1555 statim
1412 1499 1488 1576 post
1511 1493 1602 1554 amici
1627 1490 1802 1558 Pausaniae
1825 1496 1993 1583 compella-

422 1605 540 1668 tionem
563 1601 743 1668 collocandi
767 1601 921 1681 videntur,
944 1603 988 1666 ita
1009 1612 1044 1666 ut
1066 1622 1132 1667 non
1155 1599 1238 1666 adeo
1260 1622 1401 1687 maguam
1424 1600 1569 1667 lacunam
1592 1603 1673 1668 inter
1695 1625 1836 1670 versum:

372 1699 377 1710 ¹
829 1711 998 1789 Haosavie,
1021 1706 1060 1779 ml
1080 1709 1113 1780 dl
1133 1711 1221 1780 κλῦθι
1243 1707 1398 1802 daippercr
1415 1709 1563 1800 Ἀγχίτου
1582 1711 1629 1781 ott

424 1836 455 1890 et
476 1845 591 1892 novem
617 1835 785 1910 sequentes
806 1847 918 1890 versus
940 1833 1088 1890 statuam:

827 1935 986 2023 φάρμακα
1005 1933 1126 2004 dicre.
1148 1935 1260 2023 γιγόἶσι
1281 1934 1380 2002 aaa&
1400 1932 1451 2002 real
1471 1931 1580 2024 γήραος
1599 1928 1700 2024 dhane

825 2041 934 2140 πεύσῃ,
956 2043 1017 2114 isal
1037 2042 1138 2136 μούνῳ
1161 2042 1206 2115 ccl
1226 2043 1286 2136 ipo)
1306 2045 1414 2135 κρανίω
1434 2040 1506 2115 sih
1527 2042 1636 2115 seinse.

826 2188 854 2226 κ.
871 2187 897 2226 τ.
912 2171 944 2226 λ.
1024 2217 1028 2226 .

425 2269 495 2340 Cur
517 2291 594 2338 vero
623 2271 683 2336 bac
709 2274 742 2336 in
764 2292 799 2336 re
829 2272 990 2338 aSteiuio
1016 2268 1240 2336 discedendum
1264 2273 1317 2350 sit,
1345 2269 1445 2336 dicam
1473 2269 1621 2336 breviter.
1671 2271 1795 2339 Etenim
1823 2296 1873 2341 me
1899 2282 1995 2344 movit

424 2381 595 2450 similitudo
618 2381 787 2468 eednppedrq
808 2406 838 2447 v.
854 2385 921 2448 352
936 2403 1022 2467 sqq:
1044 2376 1068 2448 ὖ
1089 2379 1183 2469 φίλοι,
1208 2375 1233 2450 el
1256 2380 1341 2470 μέγα
1362 2376 1439 2449 derv
1460 2379 1542 2449 nord
1561 2380 1669 2472 ξανθοῦ
1687 2380 1888 2472 Ἀκροίγαντος
1912 2387 1992 2456 ναίετ’

425 2496 466 2562 ἀν’
491 2488 571 2582 dape
590 2490 699 2564 πέλευ(
719 2523 748 2562 κ.
763 2522 789 2561 τ.
804 2507 836 2560 λ.
881 2495 984 2558 Huius
1007 2495 1089 2558 enim
1113 2497 1255 2560 carminis
1275 2497 1473 2581 prooemium
1492 2499 1536 2559 ita
1555 2507 1602 2561 est
1620 2494 1818 2584 dispositum,
1838 2510 1874 2564 ut
1888 2504 1995 2587 priore

424 2617 513 2694 parte
542 2605 816 2693 compellationem
845 2608 1017 2670 amicorum
1052 2608 1206 2671 continuo
1240 2617 1391 2692 sequatur
1417 2603 1589 2692 descriptio
1620 2629 1727 2672 earum
1762 2631 1880 2690 rerum,
1915 2633 1994 2697 quas

424 2719 566 2784 homines
590 2739 766 2804 apersona
788 2727 905 2804 poetae
929 2727 1110 2801 exspectare
1132 2717 1254 2783 soleant
1285 2721 1400 2802 (neque
1424 2727 1459 2781 ut
1480 2739 1538 2804 par
1562 2727 1623 2797 est,
1653 2720 1792 2804 frustra).
1837 2723 1918 2786 Tum
1939 2722 1995 2790 dc-

424 2851 517 2910 mum‚
540 2833 676 2916 peractis
698 2830 755 2906 bis,
778 2850 860 2916 quae
875 2830 1016 2915 proxime
1039 2828 1080 2894 ad
1103 2850 1272 2915 personam
1290 2837 1406 2915 poetae
1420 2828 1647 2915 doctrinaeque
1666 2835 1728 2895 vim
1751 2854 1788 2897 ac
1810 2834 1994 2920 magnitudi-

425 2963 496 3007 nem
518 2941 726 3027 pertinebant,
748 2941 845 3006 altera
867 2951 957 3026 parte
979 2944 1137 3026 prooemii
1159 2947 1201 3022 (v.
1222 2941 1297 3005 366.
1319 2942 1384 3006 369
1406 2945 1490 3026 sqq.)
1515 2938 1556 3004 ad
1580 2961 1645 3006 rem
1668 2945 1768 3028 ipsam
1792 2945 1995 3012 introducen-

425 3052 497 3118 dam
521 3063 617 3139 atque
643 3051 888 3119 adumbrandam
914 3055 1024 3139 pergit.
1069 3053 1158 3117 Haec
1184 3062 1287 3117 autem
1312 3051 1500 3170 disponendi
1526 3053 1607 3117 ratio
1628 3062 1716 3116 tanto
1743 3075 1841 3140 opere
1861 3078 1994 3144 respon-

426 3163 479 3231 det
500 3163 705 3252 Empedoclis
729 3167 854 3252 ingenio
877 3163 961 3229 elato
985 3175 1017 3229 et
1043 3162 1307 3251 grandiloquenti,
1333 3163 1477 3229 utnulla
1504 3166 1606 3250 possit
1632 3166 1764 3229 inveniri
1794 3169 1905 3253 aptior.
1949 3170 1994 3234 Ut

425 3297 503 3342 vero
524 3276 611 3342 illum
634 3276 754 3342 locum:
775 3272 933 3363 φάρμακα
955 3273 984 3342 δ’
994 3273 1075 3342 'dccc
1093 3275 1207 3364 mdes
1224 3303 1253 3342 x.
1267 3302 1295 3342 τ.
1309 3288 1342 3342 tc
1365 3279 1398 3340 in
1424 3275 1537 3340 eodem
1557 3275 1624 3340 iere
1646 3274 1722 3340 loco
1744 3275 1900 3356 haberem,
1926 3301 1992 3364 quo

425 3391 544 3454 initium
565 3387 737 3472 sclaomir,
759 3387 882 3473 impulit
899 3407 952 3452 me
971 3407 1036 3452 non
1059 3386 1172 3466 solum,
1195 3399 1231 3452 ut
1253 3389 1313 3451 iam
1337 3409 1432 3473 supra
1455 3386 1525 3466 dixi,
1547 3384 1638 3473 quod
1657 3389 1759 3474 ipsum
1780 3389 1994 3475 praecipiendi

427 3500 591 3566 consilium
616 3500 656 3565 ab
680 3500 742 3566 hoc
767 3500 843 3565 loco
866 3498 1002 3564 alienum
1026 3521 1095 3564 esse
1114 3498 1268 3578 videbam,
1292 3497 1349 3564 scd
1374 3501 1474 3578 etiam,
1499 3499 1587 3586 quod
1606 3501 1638 3564 in
1660 3498 1747 3564 nullo
1764 3500 1913 3586 fragmine
1930 3525 1994 3568 ma·

427 3615 488 3698 gis,
511 3633 604 3697 quam
626 3615 659 3676 in
682 3610 754 3692 illo,
779 3631 949 3698 personam
975 3613 1065 3676 amici
1089 3613 1326 3676 commemorari
1348 3613 1481 3696 eiusque
1510 3613 1773 3698 exspectationem
1798 3615 1923 3679 excitari
1945 3636 1993 3679 re·

427 3721 655 3808 periebam(¹).

860 3891 914 3978 ll.
956 3889 1022 3978 De
1050 3889 1323 4014 cognoscendi
1351 3887 1550 3978 facultate.

558 4068 804 4136 Celeberrimam
827 4068 912 4134 illam
935 4071 1150 4155 quaestionem
1170 4067 1210 4133 de
1231 4070 1298 4133 veri
1318 4064 1532 4153 cognoscendi
1550 4065 1707 4146 lacultate‚
1733 4090 1829 4154 quum
1853 4092 1993 4136 commu·

426 4185 473 4248 nis
495 4185 535 4249 sit
558 4183 698 4248 omnium
726 4180 792 4246 iere
818 4180 1095 4268 pbilosophorum,
1124 4191 1189 4245 tum
1220 4178 1260 4243 ab
1286 4178 1480 4266 Empedocle
1504 4187 1665 4244 tractatam
1692 4179 1845 4246 videmus.
1890 4179 1992 4248 Cuius

425 4298 486 4358 viri
507 4293 548 4360 de
569 4293 629 4358 bac
651 4311 686 4356 re
712 4296 895 4358 seutentiam
920 4294 952 4355 in
976 4293 1081 4358 animo
1106 4303 1153 4356 est
1173 4292 1350 4356 accuratius
1375 4309 1540 4378 exponere.

558 4403 734 4469 Perfectam
761 4414 865 4468 autem
887 4423 991 4467 rerum
1013 4401 1065 4468 vel
1091 4405 1188 4468 totius
1210 4402 1350 4466 universi
1376 4404 1584 4487 coguitionem
1613 4402 1653 4467 ab
1679 4400 1871 4489 Empedocle
1893 4401 1993 4468 homi-

425 4516 521 4584 uibus
543 4534 610 4582 non
637 4511 748 4594 tribui,
777 4523 813 4578 ut
835 4517 896 4579 iam
921 4535 958 4578 ex
978 4511 1130 4578 affinitate
1159 4513 1252 4578 huius
1279 4511 1457 4600 philosophi
1488 4535 1559 4580 cum
1587 4513 1771 4580 Parmenide
1799 4523 1894 4600 atque
1921 4536 1992 4580 cum

431 4679 624 4692 --—-..——

462 4771 506 4844 (’)
541 4769 759 4838 notmannis
773 4772 884 4837 demum,
903 4791 982 4846 quum
994 4773 1059 4828 baec
1071 4775 1123 4828 ianr
1136 4781 1255 4828 extarent
1268 4774 1340 4848 typis
1352 4791 1482 4846 expressa,
1502 4774 1624 4830 incidisse
1637 4775 1664 4828 in
1676 4791 1715 4838 ea,
1731 4789 1797 4844 quea
1810 4775 1953 4846 nuperrime
1966 4777 1993 4832 in

427 4883 534 4922 msam
545 4863 605 4920 libri
619 4862 745 4918 Steiniani
756 4860 885 4935 Bergkius
897 4865 996 4930 attulit;
1008 4863 1042 4918 ci.
1054 4863 1213 4918 Jahrhiicher
1225 4863 1243 4918 i.
1256 4863 1318 4936 phil.
1332 4865 1372 4919 ad.
1384 4863 1460 4927 Jahn,
1475 4873 1535 4920 tom.
1549 4861 1592 4922 6⁸.
1605 4865 1667 4920 leae.
1680 4867 1698 4918 l.
1712 4881 1736 4936 p.
1751 4864 1784 4916 21
1800 4883 1858 4938 sqq.
1883 4866 1993 4922 Duobus

428 4965 525 5012 tanturn
538 4957 566 5010 in
579 4952 645 5010 loeis
658 4952 803 5009 adscribere
815 4952 889 5026 potui
902 4954 1095 5012 emendationes
1109 4954 1191 5012 eriro
1204 4955 1305 5028 egregio
1319 4953 1474 5030 propositas.

1767 5061 1791 5136 3
