4500 5666
1209 427 1254 500 111

1114 539 1344 568 mmm

1054 685 1069 713 u
1389 681 1403 710 t

1220 739 1236 769 rt·

787 819 818 860 rr.
849 788 937 864 οἰλλού
959 792 1020 873 θεοί,
1040 793 1094 861 τῶν
1116 790 1171 879 μὲν
1191 790 1294 880 μανίην
1317 789 1507 880 ὐποτρύηὐατι
1526 787 1673 879 γλώσσης,

850 907 882 973 εἰν
901 904 928 970 d’
943 901 1023 972 ὁσίων
1046 901 1200 991 στιμοῖτονν
1222 898 1349 990 καθαρύν
1369 902 1548 988 ὐχετούσατε
1566 899 1669 992 πηγνῖν.

848 1012 900 1084 nal
921 1017 961 1095 σί,
982 1013 1174 1102 πολυμνήστη
1195 1011 1359 1082 λευκώλενε
1378 1012 1496 1103 παρθένε
1516 1018 1636 1094 Μοῦσα,

852 1121 988 1210 οἶντομαι,
1012 1125 1047 1194 ὧν
1067 1126 1146 1211 θέμις
1167 1121 1239 1192 ἐστὶν
1260 1125 1453 1215 ε’φημνιρίοισιν
1475 1122 1597 1204 cinctino,

784 1263 818 1306 rc.
848 1237 948 1325 πέμπε
965 1240 1031 1323 παρ’
1043 1235 1193 1315 Εὐσεβίης,
1218 1234 1335 1307 ε’λοίονσ’
1357 1236 1460 1312 εὐιίνιον
1482 1235 1584 1322 ἅρμα·

850 1349 930 1436 μηύἔ
947 1346 978 1415 τί
990 1350 1021 1432 μ’
1035 1345 1158 1438 nidificia
1181 1342 1315 1427 deicerer
1336 1340 1424 1418 dodra
1444 1349 1530 1438 τιμῗις

1963 1481 2011 1493 -un

449 1543 505 1606 hat;
525 1531 552 1593 οὐ
566 1541 633 1593 kann
646 1540 711 1592 auch
721 1534 823 1594 ‘wohin’
839 1539 932 1610 gefalst
943 1537 1056 1602 werden,
1075 1547 1101 1590 et
1114 1537 1218 1591 deinde:
1239 1539 1315 1591 sollte
1332 1528 1360 1592 οὐ
1373 1539 1499 1610 anstblsig
1512 1539 1575 1604 rein,
1590 1557 1618 1592 so
1633 1539 1749 1592 schreibe
1761 1556 1820 1594 man
1834 1535 1846 1590 ὅ
1860 1531 1960 1593 donoro.
1976 1572 2007 1581 -

448 1619 514 1685 nliht
527 1631 630 1702 quidem
643 1631 706 1684 haec
725 1631 861 1701 displicent
877 1629 973 1698 vixque
993 1646 1037 1680 cnr
1053 1627 1176 1680 Pnnzerb.
1194 1629 1258 1680 talia
1269 1631 1439 1701 proposuerit,
1456 1630 1620 1702 perspicuum
1633 1640 1680 1682 est.
1719 1629 1833 1684 Steinius
1852 1649 1877 1682 ιι.
1893 1631 1920 1682 ον’
1934 1623 2010 1683 πλέον’

447 1719 477 1788 ἠὲ
490 1719 589 1793 βροτοίη
603 1742 628 1793 μ.
644 1711 683 1788 lp.
702 1721 735 1773 ad
748 1718 941 1782 similitudinem
956 1718 1143 1771 emendationis
1156 1719 1292 1773 Karstenii.
1324 1723 1497 1775 Hermennus:
1517 1709 1545 1773 οὐ
1557 1717 1648 1772 πλείων
1659 1739 1696 1790 ys.
1724 1721 1801 1773 Nulla
1819 1732 1905 1776 eutem
1924 1736 2009 1774 emen·

449 1813 518 1866 datio
531 1814 568 1866 ite
581 1830 639 1866 sese
651 1811 735 1874 babet,
747 1819 777 1862 ut
789 1827 889 1861 omnem
902 1810 977 1862 tollat
990 1809 1182 1862 dubitationem.

484 1906 536 1975 (ιι)
573 1911 640 1960 Ante
653 1906 719 1958 hunc
732 1921 834 1957 versum
845 1904 932 1974 plures
947 1905 1075 1958 excidisse
1088 1923 1163 1960 nemo
1177 1926 1230 1959 non
1242 1905 1320 1961 videt.
1347 1907 1423 1960 Cous.
1436 1907 1509 1960 Sexti
1522 1905 1769 1978 interpretationem:
1790 1906 1831 1960 καὶ
1844 1898 1886 1958 θοοὶ
1896 1907 1942 1962 cdv
1954 1907 2010 1976 ἑξῆς

448 1989 583 2067 ἐπιπλήξας
594 2001 646 2056 τοῖς
657 1994 733 2046 otior
746 1993 968 2066 ἐπαγγελλομένοις
978 1988 1125 2066 γιγνούσιιιιν,
1139 1991 1297 2067 παρίστησιν,
1312 1987 1349 2050 ὅτι
1361 1991 1391 2049 cd
1405 1997 1438 2048 δι’
1455 1988 1556 2062 ἓιινίστης
1568 1988 1712 2062 αἰσθήσεως
1724 1988 1910 2065 λαμβανύμονον
1921 1989 2009 2051 πιστύν

449 2089 510 2154 1σπι,
524 2089 570 2140 τοῦ
579 2079 656 2156 λέγον
666 2077 755 2137 τούτων
768 2084 959 2152 ἐπιστατοῦντος,
974 2085 1059 2159 καίπερ
1072 2080 1188 2160 πρύτερον
1200 2078 1357 2159 ναιοιὸραμιύν
1369 2087 1411 2154 τῆς
1423 2086 1461 2140 ἀπ’
1477 2086 1553 2140 αὐτῶν
1565 2085 1678 2147 πίστεως.
1693 2083 1756 2156 ῲησὶ
1767 2078 1814 2158 ydp
1826 2110 1848 2139 ιι.
1861 2108 1885 2140 τ.
1899 2093 1925 2142 A:
1950 2090 2009 2160 (Se.

448 2190 558 2251 quuntur
569 2195 648 2231 verss.
666 2179 713 2227 11-
722 2178 755 2227 23
769 2177 824 2228 sine
838 2177 890 2229 ulla
902 2179 1093 2250 interruptione.
1114 2180 1194 2231 Clem.
1209 2179 1283 2233 Alex.
1297 2182 1389 2234 Strom.
1402 2181 1433 2234 V.
1446 2197 1471 2250 p.
1486 2175 1540 2234 576
1552 2185 1582 2232 A.
1597 2178 1673 2231 affert
1687 2175 1721 2230 16
1733 2189 1759 2232 et
1773 2178 1814 2244 17,
1827 2180 1882 2233 sine
1896 2183 2008 2234 auctoris

445 2271 557 2323 nomine.
589 2267 670 2320 Procl.
683 2267 709 2318 in
724 2267 789 2320 Tim
804 2287 827 2338 p.
845 2265 895 2320 106
909 2280 935 2322 et
947 2271 1014 2324 Plut.
1029 2270 1060 2322 de
1075 2270 1154 2322 Amic.
1169 2271 1239 2322 mult.
1253 2289 1277 2341 p.
1291 2273 1325 2328 93
1340 2271 1424 2324 solum
1439 2270 1686 2340 181andantneque
1700 2271 1902 2342 eumintegrum.
1925 2274 2008 2330 Versu

448 2365 490 2412 ll.
505 2357 562 2411 libri
576 2356 745 2427 ἀπετρίψατο,
759 2359 828 2429 quod
843 2378 905 2413 corr.
918 2361 1032 2424 Fabric.;
1048 2362 1110 2414 Gen.
1125 2354 1221 2433 paulac.

483 2451 533 2520 (ιν)
572 2453 626 2506 Ciz.
640 2454 701 2523 Reg.
713 2455 757 2504 Vr.
772 2453 838 2506 Gen·
854 2445 989 2526 ὀχεύσατε,
1005 2474 1067 2508 corr.
1082 2456 1239 2528 Stephon·
1253 2455 1307 2508 Ciz.
1321 2455 1385 2508 Gen.
1399 2445 1520 2525 καθαροίν.

482 2545 533 2615 (ιι)
569 2549 619 2599 Pro
633 2543 801 2618 ἐφημερύοισιν
815 2549 879 2602 Gen.
894 2548 932 2602 ed.
948 2549 1031 2603 exhib.
1049 2549 1083 2617 ἐφ’
1100 2545 1246 2622 η’μείροισιν,
1260 2551 1321 2622 Reg.
1337 2548 1501 2620 ὐῲημίροοσιν,
1516 2551 1570 2604 cia.
1584 2547 1739 2620 ἔφημὲρησιν,
1759 2547 1846 2622 steph.
1860 2563 1957 2605 rectum
1970 2555 2008 2607 in-

445 2640 524 2692 venit.
544 2638 583 2692 Cf.
595 2649 727 2709 praeterea
739 2638 805 2690 benc
817 2657 909 2694 vocem
923 2658 963 2711 ap.
977 2641 1085 2712 Emped.
1098 2661 1176 2696 versu
1189 2645 1250 2705 338,
1263 2640 1306 2693 ubi
1320 2641 1418 2694 codicis
1431 2640 1572 2694 llllilleriani
1586 2633 1682 2711 ιίνιιίριιι
1694 2638 1816 2712 ψημορίονν
1829 2656 1899 2698 certa
1911 2646 2009 2702 ratione

445 2739 568 2782 mutatum
583 2738 623 2781 est
635 2729 672 2781 in:
688 2729 710 2780 εἰ
722 2720 768 2800 γαῖρ
783 2727 916 2800 ἔφημερίονν
929 2725 1005 2781 ἕνεκεν
1017 2752 1039 2782 ιι.
1052 2750 1075 2783 τ.
1089 2736 1117 2785 λ.

482 2823 533 2892 (ιο)
570 2825 653 2894 Vulgo
670 2835 731 2896 post
747 2816 843 2876 ακούιιν
860 2826 936 2897 plene
955 2825 1127 2897 distinguitur,
1145 2828 1180 2880 ita
1194 2837 1222 2880 ut
1239 2844 1297 2879 cum
1312 2825 1390 2897 πέμπε
1403 2845 1472 2881 nove
1485 2826 1612 2880 sententia
1624 2827 1769 2898 incipiatur.
1800 2828 1901 2882 Primus
1914 2831 2008 2884 Molle-

446 2915 518 2967 chius
532 2915 610 2968 verba
621 2912 699 2984 cipue
712 2935 734 2966 ιι.
747 2935 771 2966 π.
785 2919 813 2968 λ.
828 2935 861 2970 ex
873 2907 976 2986 ἄντομαι
989 2926 1049 2987 apte
1062 2936 1120 2970 esse
1132 2917 1222 2971 voluit.
1255 2919 1283 2970 ln
1298 2918 1405 2970 eandem
1419 2936 1471 2970 rem
1486 2928 1554 2970 recte
1566 2917 1658 2972 incidit
1668 2927 1761 2989 postea
1773 2918 1893 2974 Stainius.
1913 2922 2008 2994 Vulga-

445 3016 498 3059 tam
511 3006 620 3059 mutavit
631 3007 722 3078 Bergk.
736 3007 862 3060 scribens:
883 3006 961 3078 alpurc
977 3005 1009 3058 δὸ
1021 3005 1043 3077 μ’
1054 3006 1185 3074 Εὐσεβίης
1198 3000 1295 3060 ἐλαίουσ
1312 2999 1404 3074 εὐήνιον
1417 2998 1493 3078 ἅρμα,
1514 3026 1571 3060 nam
1584 2998 1650 3076 capri
1664 3009 1687 3062 ei
1699 3013 1802 3081 prorsus
1815 3021 2008 3080 praeposterum

444 3098 529 3150 visum
543 3107 593 3161 est,
609 3107 744 3168 praeterea
756 3098 850 3168 requiri
865 3098 927 3151 dicit
940 3097 1045 3168 aliquid,
1064 3118 1114 3170 quo
1132 3101 1256 3153 referatur
1275 3099 1339 3152 illud
1356 3099 1434 3170 πέμπε
1455 3098 1531 3168 (illud
1550 3091 1616 3170 παροῖ
1635 3099 1685 3151 ianr
1698 3101 1848 3154 llarstenins
1862 3101 2008 3174 ambiguum

446 3207 503 3240 esse
516 3187 670 3254 censuerat).
702 3188 754 3240 Sed
767 3189 890 3242 Panzerb.
903 3208 927 3260 p.
943 3191 993 3246 893
1009 3190 1095 3242 attulit
1108 3191 1252 3262 complures
1266 3191 1371 3243 Homeri
1385 3192 1457 3243 locos
1471 3188 1534 3257 (0d.
1551 3193 1590 3244 12.
1606 3183 1646 3246 70.
1665 3190 1694 3244 ll.
1709 3187 1734 3256 6,
1749 3191 1819 3259 177.)
1838 3192 1882 3244 ubi
1894 3185 1960 3263 nopai
1972 3195 2007 3247 si.

443 3279 538 3330 militer
550 3288 698 3350 usurpatum
712 3278 838 3343 videmus,
857 3297 953 3350 eosque
969 3279 1042 3331 locos
1056 3280 1149 3333 deiude
1170 3280 1291 3334 Mullaclr.
1304 3297 1329 3352 p.
1348 3284 1381 3340 19
1402 3281 1487 3334 denno
1501 3281 1533 3332 ed
1547 3281 1738 3352 ambiguitatem
1752 3283 1933 3336 removendam
1947 3304 2007 3355 pro·

444 3369 510 3422 tulit.
540 3369 575 3422 Et
587 3387 649 3421 sane
662 3369 707 3421 illa
719 3369 823 3440 Bergkii
837 3370 983 3422 coniectura
1000 3388 1052 3423 non
1071 3381 1111 3424 est
1127 3372 1280 3424 necessarie.
1311 3373 1390 3426 Porro
1404 3381 1472 3424 recte
1491 3373 1648 3444 interpungit
1660 3372 1773 3426 Steinius
1792 3383 1853 3443 post
1870 3372 2006 3440 Εὐσεβίης,

445 3478 495 3530 quo
510 3461 593 3512 omnis
606 3459 730 3512 dubitatio
744 3460 842 3512 tollitur
855 3459 899 3528 (cf.
912 3480 938 3515 v·
956 3453 1019 3527 ib).

481 3551 531 3621 (ιι)
568 3555 636 3608 Libri
650 3554 723 3608 Sexti
737 3564 763 3607 et
775 3555 900 3608 Clement.
914 3553 943 3606 σὲ
960 3552 980 3624 γ’
997 3553 1080 3624 εὐδοξ.
1095 3555 1230 3610 llarstenio
1249 3574 1326 3626 quum
1346 3556 1432 3627 paullo
1450 3566 1509 3610 anta
1521 3567 1599 3628 poeta
1612 3576 1710 3610 musam
1724 3559 1851 3612 allocutus
1865 3571 1942 3624 esset,
1961 3561 2006 3615 du-

444 3644 495 3699 tior
507 3644 571 3696 haec
584 3647 702 3699 transitio
715 3645 773 3698 visa
786 3655 832 3710 est,
847 3663 897 3716 qua
910 3645 994 3698 subito
1009 3665 1081 3699 musa
1095 3646 1233 3716 alloquitur
1245 3657 1357 3717 poetam,
1370 3667 1428 3700 nam
1442 3665 1495 3700 nou
1504 3666 1584 3718 posse
1593 3659 1697 3719 poetam
1709 3649 1749 3702 his
1759 3649 1844 3702 verbis
1853 3652 2008 3705 Pausaniam

445 3735 555 3786 amicum
569 3738 731 3806 compellere,
751 3738 832 3790 sensit
845 3736 993 3791 rectissime.
1025 3739 1065 3790 Ne
1078 3736 1157 3790 verba
1169 3737 1291 3790 mutanda
1305 3748 1398 3802 essent,
1413 3739 1532 3790 lacunam
1546 3740 1691 3810 suspicatus
1705 3750 1752 3804 est,
1771 3739 1840 3792 idem
1853 3741 1916 3793 fecit
1928 3744 2006 3812 Berg-

444 3824 515 3889 kins,
527 3824 570 3894 qui
583 3836 715 3895 praeterea
727 3827 841 3900 scripsit:
856 3819 888 3879 σύ
900 3846 938 3897 γε.
957 3827 1056 3882 Stein.
1070 3826 1099 3897 pl
1118 3824 1200 3899 γἐὐδ.
1214 3829 1306 3880 Panz.
1320 3826 1353 3879 τί
1369 3823 1402 3900 μ’,
1424 3829 1496 3882 cuius
1510 3829 1685 3901 interpretatio
1700 3841 1826 3901 meterius
1840 3831 1872 3882 ed
1886 3850 2006 3885 currum

443 3915 565 3987 pertinet,
576 3913 643 3967 falsa
656 3927 702 3982 est,
717 3918 749 3971 cf.
763 3918 842 3971 Stein.
855 3937 880 3989 p.
894 3921 936 3972 20.
967 3917 1049 3971 Recte
1061 3937 1123 3973 vero
1141 3920 1248 3990 primam
1267 3919 1407 3972 introducit
1418 3938 1564 3990 personam,
1578 3939 1637 3974 narn
1650 3920 1715 3974 nihil
1732 3932 1773 3974 est
1788 3940 1833 3974 cur
1849 3923 1967 3976 lacunam
1978 3924 2008 3976 iu

442 4007 484 4062 liis
497 4005 569 4060 Sexti
582 4005 698 4058 versibus
711 4007 796 4062 inesse
809 4019 935 4080 putemus.
954 4009 1130 4081 Bergkius:
1144 4005 1245 4076 βιη’σοαι
1259 4039 1291 4050 -
1306 4004 1465 4076 ἀναδεῖσθαι,
1480 4011 1507 4062 in
1520 4011 1686 4082 sequentibus
1699 4013 1761 4066 olim
1775 4007 1811 4083 ἐφ’
1825 4004 1842 4079 ᾧ
1855 4005 1918 4078 &orl
1930 4011 2007 4067 πλίνν

444 4099 526 4162 cincto,
540 4095 609 4168 quod
623 4106 713 4166 postea
727 4096 869 4170 dereliquit.
901 4100 968 4153 lllud
980 4119 1041 4152 vero
1056 4091 1088 4152 σύ
1099 4119 1126 4169 γε
1141 4131 1172 4140 -
1187 4091 1290 4165 βιήσεαι
1306 4102 1435 4172 praetulit,
1454 4102 1514 4178 quia
1532 4101 1594 4155 ordo
1614 4103 1762 4158 verborum:
1782 4102 1843 4173 μηδὶ
1857 4092 1909 4173 (τύ)
1920 4099 2006 4157 docti-

444 4191 509 4242 σθαι
522 4179 602 4240 ἄνθεα
614 4186 684 4256 τιμῆς
696 4177 814 4252 attonat
826 4210 863 4254 σο,
878 4189 911 4261 ἐφ’
929 4181 947 4256 ᾧ
959 4189 977 4241 τ’
990 4191 1064 4242 εἰπεῖν
1077 4190 1153 4243 πλέον
1167 4185 1237 4256 ὐσιής
1246 4190 1389 4259 (Karsten.)
1400 4193 1423 4245 ei
1436 4193 1513 4264 plane
1526 4193 1557 4246 ab
1566 4193 1733 4263 Empedoclis
1747 4197 1862 4250 oratione
1871 4195 2006 4250 abhorrere

443 4281 586 4343 videbatur,
600 4288 626 4332 et
638 4290 697 4330 vere
709 4276 786 4330 babet
799 4280 857 4332 talis
872 4282 1037 4346 constructio,
1051 4283 1120 4352 quod
1134 4281 1233 4354 frigeat.
1263 4283 1318 4334 Nec
1331 4283 1413 4354 magis
1426 4285 1511 4354 placet
1524 4302 1599 4355 quero
1613 4284 1730 4338 Stnrzius
1742 4285 1877 4356 proposuit
1890 4286 2005 4342 ordinem

442 4391 466 4442 p.
481 4363 542 4436 ott,
555 4372 582 4424 in
595 4388 625 4423 eo
638 4369 802 4441 potissimum
814 4370 903 4436 falsus,
917 4372 987 4442 quod
1000 4371 1040 4442 ὐφ’
1057 4361 1117 4438 ᾧτε
1130 4391 1250 4444 perverse
1263 4373 1443 4444 interpretatus
1456 4385 1503 4428 osc
1523 4375 1750 4430 Possisscribara:
1765 4374 1858 4444 μηδδν
1871 4370 1912 4445 1μ’
1924 4370 2004 4446 οὐδύξ.

443 4484 464 4514 ιι.
477 4482 501 4515 τ.
514 4466 541 4514 λ,
555 4491 587 4502 --
601 4460 674 4514 Sexti
686 4459 744 4512 libri
756 4460 861 4512 θνατῶν.
882 4462 938 4516 cia.
953 4466 1017 4534 Ileg.
1030 4466 1072 4517 Vr.
1087 4462 1232 4533 ἐφωθοιίης,
1247 4465 1311 4517 Gen.
1324 4459 1361 4530 ὐφ’
1374 4454 1392 4529 qi
1404 4458 1479 4539 θύῃς.
1507 4467 1598 4538 Scalig.
1613 4469 1721 4537 primunr
1741 4465 1775 4534 ἐφ’
1795 4456 1813 4532 oi
1830 4465 1856 4518 θ’
1874 4462 1948 4533 ὐσύη
1957 4472 2002 4520 πλ.

443 4553 532 4624 (idque
547 4551 643 4623 recepit
654 4551 761 4618 Fabric,
776 4571 851 4623 quem
864 4555 980 4607 Sturzins
994 4555 1130 4626 sequitur),
1144 4557 1238 4609 deinde
1250 4565 1319 4607 recta
1332 4555 1446 4627 scripsit:
1467 4549 1558 4622 ὅσιήι
1570 4575 1647 4628 (1111111
1659 4557 1799 4615 lectionem
1812 4558 1892 4616 Clem.
1906 4561 1944 4614 Al
1956 4559 1972 4611 l·
1987 4560 2003 4614 l.

443 4644 583 4707 confirmat,
597 4653 623 4695 ct
634 4643 761 4714 Bergkius
773 4653 872 4714 postea,
886 4643 974 4698 relicto
988 4646 1033 4699 illo
1047 4640 1084 4714 ἐφ’
1097 4635 1187 4711 (ἔθνη,
1202 4645 1322 4715 suscepit.
1930 4659 1932 4664 '

513 4736 577 4787 Post
589 4752 655 4786 vers.
671 4735 703 4788 17
718 4734 829 4788 editores
841 4734 958 4805 plerique
970 4737 1092 4790 librorum
1106 4735 1299 4808 interpungendi
1314 4737 1438 4790 rationem
1452 4748 1597 4808 sequentes,
1610 4756 1705 4794 novem
1716 4744 1870 4794 senteutiam
1880 4741 2005 4812 incipiunt

441 4824 567 4878 vocabulo
577 4815 680 4895 θύρσιι,
692 4825 761 4896 quod
774 4827 912 4897 explicent,
923 4819 1021 4896 ‘sapere
1035 4827 1110 4893 ande,
1124 4827 1189 4880 ande
1201 4827 1272 4899 vulgi
1284 4828 1390 4900 gratiam
1404 4839 1430 4882 et
1439 4828 1572 4900 vulgarem
1581 4830 1729 4902 opinionem
1740 4826 1908 4888 contemnere’
1917 4832 2003 4886 lieret.
