4500 5666
1168 403 1216 480 25

1075 521 1307 548 ΜΜΜΜΜἊΜ

405 665 544 752 denique
566 663 612 730 ilii
640 662 716 730 fidei
746 685 783 728 ac
813 663 933 752 vulgari
965 663 1179 751 cognoscendi
1209 667 1279 730 viae
1310 667 1487 752 opponitur
1515 665 1610 734 altior
1640 668 1852 756 cognoscendi
1881 675 1972 752 ratio,

405 780 542 864 quaein
564 771 650 864 λόγῳ
673 779 713 840 sit
735 778 848 862 posita.
893 774 982 840 Vidit
1006 775 1132 862 quidem
1163 787 1194 840 et
1215 777 1413 857 Karstenius,
1441 777 1679 864 Empedoclem,
1708 781 1815 866 quoad
1838 803 1972 862 sensum,

404 899 515 954 nostro
537 888 613 953 loco
635 897 769 952 mentem
792 908 811 951 a
834 886 979 952 sensibus
1002 887 1185 952 distinxisse.
1230 887 1295 953 Sed
1317 909 1518 975 progressum
1547 895 1769 957 sententiarum
1794 913 1858 957 nou
1880 893 1974 980 plane

405 1003 572 1087 perspexit.
616 1001 702 1064 Dicit
732 1002 827 1064 enim:
857 998 1029 1086 'Opposita
1052 999 1131 1063 baec
1161 1008 1248 1063 sunt:
1280 998 1479 1064 considerare
1501 1021 1567 1080 res,
1598 1003 1708 1088 quales
1740 1024 1852 1069 sensus
1881 1004 1975 1070 nobis

405 1108 578 1177 ostendunt
600 1107 696 1192 (sard
715 1107 764 1184 rsit
784 1108 873 1197 γυίων
894 1113 1011 1195 πίστιν),
1043 1121 1074 1174 ct
1096 1109 1311 1191 considerare,
1341 1111 1449 1197 quales
1478 1115 1566 1196 ipsse
1588 1135 1647 1199 per
1670 1135 1705 1179 se
1732 1127 1807 1180 sunt
1835 1111 1867 1208 (ᾗ
1888 1115 1975 1192 δῆλον

405 1219 560 1307 mussi.
602 1221 668 1288 Sed
690 1225 723 1287 in
746 1221 852 1287 verbis
873 1218 891 1314 ᾗ
911 1219 998 1295 δῆλον
1020 1217 1142 1288 ἔκοπτον
1166 1226 1326 1308 oppositio
1354 1225 1457 1288 inesse
1478 1227 1601 1309 nequit,
1629 1228 1702 1310 quia
1725 1230 1785 1291 iam
1809 1231 1899 1292 initio
1924 1249 1975 1292 ca·

407 1333 479 1399 dem
508 1334 644 1398 formula
672 1337 839 1413 invenitur,
875 1353 958 1419 qnae
990 1332 1117 1418 quidem
1153 1333 1360 1419 sequentibus
1390 1333 1534 1399 versibus
1564 1335 1744 1421 explicatur.
1799 1338 1975 1425 Oppositio

408 1455 525 1526 auten,
554 1449 582 1510 si
605 1443 684 1531 quid
705 1443 815 1524 video,
843 1466 910 1510 non
939 1455 1046 1531 potest
1076 1465 1146 1510 esse
1175 1447 1235 1509 nisi
1264 1449 1296 1509 in
1318 1444 1420 1509 verbo
1444 1445 1561 1530 aidpsiv
1594 1457 1749 1532 quatenus
1771 1454 1913 1534 proxima
1934 1453 1975 1514 si-

406 1555 623 1645 gnificatione,
647 1549 688 1622 de
710 1577 859 1621 sensuum
882 1558 1103 1643 perceptione,
1127 1559 1260 1622 sumitur
1282 1566 1313 1621 et
1350 1568 1506 1642 quatenus
1529 1552 1564 1624 sa‘
1569 1585 1591 1645 ῳ
1618 1555 1655 1621 fit
1676 1563 1858 1644 rectiusque
1887 1567 1976 1626 vasis

407 1680 548 1735 vocatur.

538 1782 737 1846 Karstenium
760 1781 929 1864 quominus
951 1777 1033 1844 idem
1058 1777 1098 1844 de
1120 1779 1179 1843 bae
1201 1801 1236 1844 re
1259 1782 1399 1858 sentiret,
1426 1780 1588 1867 impedivit
1608 1779 1703 1860 illud,
1732 1780 1820 1866 quod
1842 1781 1975 1848 verbum

407 1897 475 1960 rasis
496 1893 546 1957 bie
569 1890 681 1957 eodem
704 1889 801 1956 modo
825 1890 867 1955 de
896 1889 1056 1969 sensibus,
1087 1894 1206 1977 quippe
1234 1890 1349 1976 quibus
1379 1887 1463 1976 πόρος
1485 1895 1614 1967 vairas
1641 1891 1839 1974 tribueretur,
1870 1916 1908 1958 ac
1935 1893 1976 1959 de

407 2015 511 2070 mente
534 2014 727 2089 usurpatum,
750 2003 890 2088 ideoque
912 2001 992 2067 illud
1007 2001 1200 2067 vocabulum
1224 2001 1264 2067 de
1287 2007 1476 2068 communi
1498 2004 1763 2090 cognoscendi
1784 2004 1974 2071 facultate

407 2114 625 2203 accipiendum
648 2136 717 2180 esse
741 2113 940 2200 opinabatur.
984 2112 1050 2178 Sed
1073 2112 1105 2178 id
1128 2115 1231 2179 minus
1254 2126 1346 2179 recte.
1391 2115 1442 2178 Ne
1470 2117 1539 2200 ipse
1562 2114 1688 2200 quidem
1718 2115 1779 2180 sibi
1802 2120 1875 2182 satis
1898 2139 1975 2183 con-

407 2231 568 2293 venienter
590 2226 644 2292 iila
665 2225 867 2312 Empedoclis
889 2224 989 2292 rerba
1010 2223 1128 2301 reddit;
1158 2247 1229 2290 nam
1252 2224 1336 2306 πόρος
1357 2225 1455 2299 vairas
1477 2229 1585 2290 vertit:
1618 2228 1887 2314 cognoscendi
1915 2233 1975 2309 ria,

408 2338 522 2404 deinde
545 2349 665 2405 autem:
696 2333 749 2404 νόει
772 2333 833 2430 δ’ξὶ
850 2336 937 2412 δῆλον
964 2333 1102 2404 guerram
1135 2337 1343 2402 considera
1372 2357 1466 2415 vero,
1498 2337 1592 2422 quale
1616 2339 1758 2424 quidque
1785 2362 1842 2426 per
1864 2363 1899 2406 se
1922 2363 1977 2427 ap-

407 2461 525 2537 pareat.
570 2449 636 2516 Sed
658 2448 691 2514 id
714 2449 806 2515 facile
830 2453 858 2514 ei
882 2447 1048 2513 concedes.
1092 2449 1160 2535 Ego
1184 2470 1314 2534 quoque
1337 2447 1411 2512 olim
1439 2447 1586 2512 sensibus
1614 2473 1716 2536 aeque
1739 2474 1777 2515 ae
1799 2457 1894 2517 menti
1916 2453 1979 2517 boe

406 2561 484 2626 loco
500 2583 646 2648 perverse
668 2567 702 2629 aa*
723 2566 790 2627 voris
813 2559 942 2626 attribui
965 2563 1121 2647 opinatus,
1144 2559 1297 2625 malebam
1313 2558 1410 2624 verba
1435 2562 1600 2646 corrigere,
1625 2585 1718 2647 quarn
1740 2584 1865 2628 sensum
1884 2564 1978 2628 buius

407 2673 482 2754 ioci,
505 2673 601 2738 semei
621 2695 731 2738 verum
755 2672 956 2752 intellectum,
980 2683 1011 2736 et
1034 2675 1257 2736 sententiarum
1272 2692 1384 2736 nerum
1401 2670 1620 2757 derelinquere
1644 2695 1681 2737 ae
1696 2672 1875 2740 destituere.
1914 2673 1978 2740 Cui

409 2785 543 2851 oonsilio
566 2786 628 2852 boo
651 2788 744 2850 etiam
768 2783 934 2849 censebam
957 2783 1079 2862 favere,
1111 2782 1200 2868 quod
1228 2782 1268 2848 de
1297 2783 1539 2870 interpungendi
1562 2787 1685 2849 ratione
1712 2789 1744 2850 in
1767 2798 1878 2851 nostro
1901 2786 1978 2852 loeo

407 2897 521 2962 domos
543 2900 631 2962 viros
654 2908 744 2962 tanto
768 2917 866 2982 opere
890 2893 1054 2960 dissentire
1076 2894 1231 2962 videbam.
1277 2894 1343 2961 Sed
1372 2892 1556 2960 emendandi
1579 2899 1674 2969 viam,
1704 2895 1751 2959 bis
1780 2901 1976 2982 potissimum

407 3013 440 3074 in
462 3008 558 3074 rebus
580 3011 744 3087 incertum,
774 3007 971 3092 relinquens,
1002 3005 1228 3092 interpretandi
1255 3010 1377 3071 ratione
1406 3007 1515 3070 melius
1544 3005 1746 3071 difficultates
1777 3007 1853 3072 dilui
1880 3031 1978 3094 posse

408 3119 595 3186 iudioebam.
641 3119 692 3185 nd
716 3142 808 3206 quern
833 3117 927 3182 finem
952 3116 1085 3182 suadere
1107 3118 1215 3198 velim,
1239 3129 1274 3182 ut
1295 3117 1487 3182 vocabulum
1510 3114 1594 3202 πέρας
1615 3121 1729 3204 magiS,
1758 3141 1850 3204 quarn
1875 3117 1977 3183 adbuc

406 3232 523 3296 iactum
547 3241 603 3312 est,
625 3253 812 3317 premamus.
850 3231 923 3317 Vin
946 3228 1053 3293 saitem
1076 3229 1116 3294 ad
1138 3251 1189 3295 res
1212 3229 1450 3318 cognoscendas
1473 3229 1572 3316 (πόρος
1590 3229 1704 3312 voires)
1727 3229 1767 3294 ab
1782 3229 1976 3316 Empedocle

407 3343 552 3410 sensibus
575 3345 718 3408 humanis
741 3339 955 3421 tribuebatur,
986 3338 1085 3426 idque
1106 3346 1296 3408 necessario.
1342 3343 1427 3408 Inest
1450 3346 1531 3407 enim
1560 3340 1622 3406 illis
1652 3363 1689 3406 ea
1716 3345 1777 3420 vis,
1808 3362 1872 3425 qua
1894 3344 1976 3406 viam

407 3459 548 3520 muniant
570 3454 612 3520 ad
634 3455 775 3520 altiorem
805 3450 1022 3539 cognoscendi
1049 3452 1193 3533 modurn,
1216 3457 1259 3540 τῷ
1278 3453 1317 3541 νῷ
1345 3464 1463 3517 tantum
1491 3451 1736 3540 adipiscendum.
1782 3453 1856 3517 Non
1885 3473 1977 3518 secus

409 3576 512 3630 autem
535 3565 629 3633 docet
650 3566 752 3647 locus,
776 3587 869 3652 quern
892 3568 953 3628 iam
977 3585 1072 3649 supra
1096 3565 1193 3643 attuli,
1216 3587 1246 3628 v.
1262 3562 1422 3649 dideqq.:

625 3661 629 3670 ⁵
762 3679 815 3744 οὐκ
835 3675 909 3743 ἔστιν
929 3673 1097 3742 πελάσωσθ
1113 3675 1174 3742 uii'
1189 3674 1389 3762 ὀφθαλμοῖσιν
1412 3674 1529 3764 ἔφικτδν

759 3787 905 3874 ἡμετέροις
925 3777 943 3862 ἢ
962 3783 1051 3870 χερσὶ
1074 3788 1190 3867 λαβεῒν,
1210 3786 1280 3872 ἥπερ
1302 3813 1338 3872 γε
1358 3787 1484 3873 μεγίστη

760 3897 874 3970 nuituis
895 3897 1079 3985 dudpu‘rotrtu
1101 3891 1286 3990 ἁμωξιτδς
1308 3897 1357 3968 εἷς
1379 3896 1492 3988 φρένα,
1512 3897 1617 3964 πίπτει.

409 4015 525 4099 Aperte
548 4013 629 4077 enim
652 4012 703 4077 bie
726 4011 827 4078 oculis
850 4021 882 4078 et
904 4009 1048 4076 manibus
1069 4013 1120 4075 via
1149 4009 1364 4097 persuasionis
1394 4008 1586 4089 conceditur,
1617 4030 1701 4095 quae
1727 4013 1778 4076 via
1806 4008 1976 4076 secundum

407 4123 490 4189 bunc
512 4123 619 4189 iocum
654 4124 851 4188 inhumanis
875 4122 1002 4208 quidem
1025 4122 1121 4187 rebus
1144 4119 1371 4209 perspiciendis
1395 4119 1436 4185 ad
1459 4143 1591 4207 scopum
1619 4120 1778 4208 perducit,
1807 4125 1838 4186 in
1866 4120 1977 4185 divinis

407 4254 475 4300 non
496 4235 644 4301 similiter.
689 4234 856 4300 Praeterea
879 4235 1037 4314 conferes,
1068 4256 1150 4321 quae
1173 4235 1353 4314 Lucretius,
1382 4231 1585 4319 Empedoclis
1608 4236 1752 4315 imitator,
1783 4233 1855 4298 loco
1878 4235 1976 4296 uotis-

408 4349 489 4412 simo
510 4348 567 4430 (V,
593 4349 657 4410 100
671 4365 742 4430 sqq.
765 4344 813 4411 ed.
836 4326 1010 4434 Berneys.)'
1029 4345 1139 4412 scribit
1160 4346 1252 4409 haece

654 4457 700 4522 Ut
721 4453 767 4536 fit,
792 4454 847 4521 ubi
869 4456 1025 4522 insolitam
1047 4479 1114 4522 rem
1137 4456 1284 4543 adportes
1307 4454 1436 4522 auribus
1460 4465 1532 4523 ante

654 4567 725 4634 Nee
747 4577 850 4632 tamen
872 4569 953 4633 bauo
975 4573 1081 4656 possis
1104 4568 1270 4635 oculorum
1294 4565 1431 4634 subdere
1454 4571 1526 4632 visu

655 4679 725 4746 Nec
746 4681 851 4744 iecere
873 4680 951 4746 indu
972 4702 1092 4762 manus,
1114 4685 1173 4746 via
1196 4701 1269 4764 qun
1292 4679 1438 4746 munita
1460 4676 1560 4744 iidei

655 4791 803 4858 Proxima
824 4789 884 4858 iert
906 4793 1073 4860 bomauum
1095 4795 1128 4858 in
1151 4800 1262 4878 pectus
1285 4785 1466 4876 templaque
1487 4791 1614 4866 mentis;

656 4899 722 4968 Sed
744 4911 848 4970 tanen
870 4903 1003 4974 eumer.
