4500 5666
1201 427 1223 500 7

561 681 713 768 Bequius
735 701 813 747 vero
842 693 1011 767 postquam
1033 681 1130 748 semel
1152 680 1194 748 de
1216 680 1334 767 duplici
1357 683 1562 768 inscriptione
1588 687 1631 750 ita
1658 698 1693 751 ut
1720 685 1850 752 diximus
1878 692 1994 765 statuit,

429 805 461 862 et
483 793 516 858 id
537 797 678 880 suscepit
699 792 927 879 explicandum,
949 791 1156 879 quamobrem
1182 815 1223 860 na
1245 796 1407 880 vestigium
1429 793 1556 880 quidem
1585 797 1836 884 compellationia
1858 796 1994 884 duplicis

428 909 462 971 in
488 903 706 992 Empedocleis
736 904 915 991 ungnentis
948 903 1140 971 occurreret.
1188 905 1281 970 llanc
1313 905 1550 993 explicationem
1585 920 1674 993 putat
1705 913 1806 996 repeti
1837 931 1931 997 posse
1959 935 1998 974 ex

429 1017 618 1084 archestrati
641 1015 840 1103 gastrologia,
863 1020 955 1080 cuius
977 1017 1148 1104 fragmenta
1171 1015 1257 1103 apud
1278 1017 1389 1082 Alben.
1412 1016 1573 1103 leguntnrr
1597 1041 1753 1107 nusquam
1776 1024 1857 1089 enim
1881 1025 1912 1086 in
1936 1021 1995 1086 ira·

428 1133 557 1216 gmentis
580 1126 710 1193 obscuri
733 1126 816 1193 illins
839 1130 992 1206 carminis,
1016 1127 1144 1194 duobus
1167 1131 1273 1194 amicis
1295 1130 1445 1214 inscripti,
1472 1141 1603 1214 apparet
1625 1130 1762 1197 duorum
1786 1132 1994 1220 compellatio,

427 1240 485 1306 sed
507 1238 627 1325 ubique
650 1242 752 1308 unius.
797 1239 861 1305 Sed
885 1238 926 1304 de
948 1239 1011 1304 boc
1033 1239 1201 1305 excusandi
1224 1251 1320 1326 atque
1343 1239 1519 1325 explicandi
1542 1241 1649 1319 modo,
1676 1264 1693 1306 a
1714 1243 1852 1330 Berglrio
1876 1266 1995 1331 propo-

428 1355 498 1432 sito,
520 1355 644 1438 sipost
666 1350 774 1416 Steinii
798 1350 1017 1416 relutationenr
1040 1357 1084 1436 (p.
1104 1355 1157 1433 18)
1180 1355 1343 1438 copiosius
1366 1350 1512 1430 dicerem,
1534 1364 1637 1417 actum
1660 1374 1752 1439 agere
1773 1354 1906 1420 viderer.

559 1461 677 1528 Obstat
699 1473 875 1548 temporum
899 1483 1031 1547 qnoque
1054 1465 1143 1543 ratio,
1166 1466 1335 1548 quominus
1358 1485 1482 1528 versum
1505 1463 1605 1529 illum:

821 1574 989 1659 Τήλαυγες,
1009 1570 1102 1640 eburi
1121 1573 1205 1660 κτῦρτ
1224 1575 1354 1646 Θεανοῦς
1373 1569 1555 1662 Πυθωγέρτῶ
1572 1601 1603 1642 rr

426 1685 612 1771 Empedocli
634 1684 816 1751 tribuamus.
862 1685 942 1750 Nam
966 1692 1015 1766 (ut
1037 1689 1152 1750 mittam
1175 1707 1360 1771 perparvam
1389 1689 1606 1752 auctoritatem
1629 1686 1817 1774 llippoboti,
1845 1691 1900 1772 qui
1922 1691 1994 1752 Em-

427 1796 592 1884 pedoclem
617 1807 777 1862 auctorem
800 1797 916 1878 tradit)
939 1796 993 1862 ille
1015 1797 1185 1884 Telauges,
1213 1801 1273 1862 iam
1303 1797 1506 1883 Xenopbanis
1534 1802 1678 1886 magister
1705 1796 1746 1863 ab
1774 1797 1841 1863 aliis
1870 1799 1994 1864 babitus

427 1921 513 1975 certe
533 1909 633 1974 miilto
657 1912 815 1993 antiquior
837 1908 896 1972 luit
910 1907 1112 1994 Empedocle,
1134 1912 1250 1994 vixque
1273 1907 1424 1974 credibile
1447 1921 1503 1989 est,
1527 1933 1598 1976 eum
1621 1933 1691 1974 cum
1707 1909 1899 1997 Empedocle
1919 1933 1995 1975 oon-

427 2025 554 2086 traxisse
575 2019 820 2084 lamiliaritatem.
855 2019 989 2085 Accedit
1010 2020 1052 2099 id,
1076 2020 1164 2105 quod
1188 2020 1344 2107 Telauges
1365 2021 1466 2106 κοῦρος
1487 2021 1641 2108 appellari
1661 2019 1703 2086 ab
1725 2021 1917 2107 Empedocle
1940 2045 1994 2086 ne-

428 2154 585 2218 quaquam
608 2133 773 2217 potuisset,
796 2134 940 2216 quamvis
962 2132 1102 2218 aequalis
1124 2133 1244 2197 luisset.

559 2243 654 2330 Quae
681 2241 831 2306 hactenus
860 2242 900 2307 de
928 2241 1105 2308 discrimine
1134 2247 1215 2308 inter
1245 2245 1410 2331 physicum
1443 2264 1567 2308 carmen
1600 2255 1632 2308 et
1665 2243 1805 2310 lustralia
1839 2243 1995 2330 disputata

427 2368 508 2433 sunt,
529 2365 648 2441 partem
672 2353 798 2439 quidem
821 2357 867 2419 rei
890 2353 1068 2432 absolvunt,
1092 2365 1193 2420 tamen
1216 2377 1280 2420 non
1302 2354 1463 2434 mirabere,
1488 2357 1612 2439 opinor,
1634 2355 1835 2421 nibilominus
1853 2355 1893 2422 de
1910 2378 1994 2421 com-

427 2465 571 2553 pluribus
594 2464 797 2553 lragminibus
819 2464 965 2544 dubitari,
995 2477 1100 2530 utrum
1123 2466 1330 2552 inphysicis,
1356 2486 1397 2529 en
1418 2467 1451 2531 in
1474 2465 1656 2532 lustralibus
1679 2472 1717 2532 iis
1740 2468 1832 2533 locus
1855 2472 1895 2532 sit
1918 2472 1994 2532 assi-

427 2577 577 2664 gnandus.
623 2579 730 2642 Taceo
759 2575 799 2641 de
826 2576 968 2664 abruptis
997 2587 1092 2662 atque
1124 2577 1273 2643 mutilatis
1300 2576 1457 2657 versibus,
1489 2576 1607 2663 quibus
1641 2578 1900 2666 significationem
1929 2601 1995 2644 non

428 2693 521 2776 magis
543 2709 663 2768 eruere,
686 2710 779 2774 quam
803 2710 984 2774 supponere
1008 2687 1174 2768 debemus,
1196 2687 1254 2755 sed
1275 2689 1308 2754 id
1331 2710 1461 2774 quoque
1480 2694 1526 2753 rei
1542 2689 1759 2755 difficultatem
1782 2702 1883 2778 auget,
1906 2691 1995 2776 quod

426 2805 551 2888 saepius
574 2823 670 2866 unum
694 2799 892 2885 eundemque
915 2821 1039 2866 versum
1062 2799 1194 2866 diversis
1220 2806 1253 2866 in
1281 2801 1360 2868 loeis
1388 2805 1533 2886 usurpari
1561 2801 1712 2868 videmus.
1758 2802 1906 2888 Quodsi
1930 2826 1994 2866 ma·

426 2918 472 2999 qis
496 2913 577 2978 cadit
599 2916 631 2976 in
654 2923 758 2997 partes
780 2911 974 2998 singulorum
997 2915 1168 2978 carminum
1189 2922 1276 2977 recte
1298 2911 1524 3000 disponendas,
1552 2913 1650 2977 altera
1679 2935 1730 2978 res
1759 2925 1821 2993 est,
1847 2936 1929 3000 quac
1953 2914 1995 2978 ad

426 3025 630 3090 dilicrcntiam
653 3023 789 3089 duorum
820 3023 948 3088 illomm-
971 3036 1151 3110 poematum
1180 3021 1419 3089 describendam
1442 3026 1622 3090 necessario
1643 3028 1787 3110 pertinet.
1833 3026 1913 3092 Nam
1936 3030 1994 3090 etsi

426 3141 456 3201 in
481 3139 659 3201 universum
683 3135 857 3201 lustralium
880 3147 1107 3223 argumentum,
1136 3137 1251 3201 utiam
1276 3157 1372 3222 supra
1395 3139 1570 3222 expositum
1594 3145 1656 3210 est,
1688 3158 1706 3200 a
1728 3136 1932 3222 physicorum
1956 3137 1993 3198 li-

426 3247 555 3313 brorum
578 3260 762 3334 argumento
784 3249 855 3332 ipso
879 3249 953 3310 satis
973 3244 1056 3312 bene
1072 3247 1267 3326 discernitur,
1289 3259 1395 3312 tamen
1419 3246 1458 3313 de
1480 3249 1686 3335 prooemio
1701 3246 1914 3334 physicorum,
1938 3270 1993 3312 cu-

427 3364 475 3424 ius
497 3371 709 3446 argumentum
732 3380 797 3424 non
826 3369 888 3424 tam
917 3363 1055 3445 angustis
1083 3381 1121 3424 ao
1147 3362 1323 3446 perspicuis
1352 3358 1469 3428 linibus
1498 3361 1765 3445 circumscriptum
1793 3358 1889 3424 luisse
1912 3365 1993 3424 veri-

426 3471 524 3536 simile
552 3482 613 3549 cst,
641 3492 705 3536 non
732 3468 814 3534 idem
842 3470 935 3534 valet.
979 3469 1090 3556 Quare
1118 3475 1149 3535 in
1182 3474 1391 3556 prooemio
1420 3471 1586 3536 latissimus
1614 3470 1717 3536 adbuc
1747 3490 1875 3556 campus
1906 3482 1993 3557 patet

426 3580 676 3648 dubitationibus
692 3603 728 3646 ac
748 3581 1006 3646 dissensionibus.
1043 3579 1085 3647 lt
1106 3582 1206 3660 facile,
1229 3585 1255 3646 si
1278 3581 1318 3646 de
1340 3587 1544 3668 inscriptione
1568 3586 1709 3648 carminis
1729 3592 1814 3647 recte
1837 3589 1991 3662 statueris,

426 3707 488 3760 tres
511 3717 629 3774 versus,
653 3715 735 3779 quos
757 3692 911 3779 Bergkius
933 3695 1023 3758 initio
1046 3697 1201 3780 prooemii
1225 3697 1342 3780 posuit,
1364 3697 1485 3760 reiicies
1507 3695 1582 3759 bos:
1606 3695 1717 3776 (Stein.
1734 3693 1918 3776 366-365.)

820 3837 844 3908 ul
867 3841 960 3929 φίλοι,
981 3837 1046 3908 aldo
1065 3837 1119 3924 μὶν
1141 3839 1227 3908 οὕνεκ’
1247 3838 1364 3915 ἀληθείη
1384 3838 1468 3928 arcpd
1488 3841 1590 3918 μύθοις

823 3945 871 4024 οὓς
891 3949 950 4040 ἐγὼ
970 3949 1082 4044 ἐξερέω·
1105 3952 1201 4040 μάλα
1221 3951 1393 4041 δ’ὦργωλέη
1414 3979 1451 4040 γε
1472 3952 1606 4019 τέτυκται

822 4062 943 4148 dedorim
964 4060 1017 4132 nul
1035 4059 1178 4152 dietmar
1198 4060 1243 4133 ἐπὶ
1263 4061 1357 4153 φρίνα.
1376 4061 1484 4136 πίστιος
1501 4059 1639 4152 ὁρμήθ)

424 4215 503 4280 Nam
526 4235 623 4300 quum
647 4211 826 4297 complures
850 4211 1080 4299 compellentur
1101 4208 1138 4296 (ὦ
1151 4209 1256 4302 φίλοι),
1279 4216 1310 4278 in
1334 4213 1473 4300 pbysicis
1496 4210 1600 4277 locum
1623 4232 1690 4278 non
1712 4211 1827 4278 babent
1854 4211 1898 4277 illi
1920 4232 1990 4274 ver-

423 4347 486 4404 sus,
508 4327 566 4390 etsi
589 4323 734 4388 Sturaius
757 4336 788 4388 et
809 4324 962 4412 Bergkius
985 4321 1074 4390 aliter
1096 4335 1245 4389 statuunt.
1290 4323 1474 4390 Karstenius
1501 4334 1587 4388 reete
1616 4321 1694 4390 vidit
1721 4321 1893 4388 lustralium
1918 4343 1985 4386 cer-

424 4439 497 4503 mini
519 4456 575 4501 eos
598 4433 784 4501 inserendos
807 4459 891 4512 essm
914 4436 996 4502 idem
1019 4437 1157 4502 Steinius
1181 4457 1312 4522 quoque
1335 4436 1459 4502 iudicat.

457 4656 501 4726 (¹)
536 4657 634 4711 Extant
646 4677 686 4730 ep.
700 4659 781 4712 Clam.
796 4659 867 4714 Alex,
880 4670 992 4714 atromm.
1003 4660 1034 4710 V.
1046 4678 1071 4731 p.
1086 4654 1147 4716 549.
1160 4660 1190 4713 Β.
1220 4657 1289 4712 Libri
1301 4658 1397 4713 babent
1410 4647 1449 4710 siv
1467 4655 1492 4710 ix
1507 4654 1529 4712 τ’
1538 4653 1658 4724 α’ληὲιίη.
1695 4656 1865 4710 lloascbalina
1879 4643 1914 4710 ὅτ’
1932 4653 1987 4724 et,

423 4750 463 4804 sd.
477 4749 569 4802 Color.
588 4744 677 4802 b's’i..
713 4749 849 4820 Bargkins,
867 4749 1026 4805 Mainakii
1045 4761 1149 4804 secutus
1168 4751 1341 4804 coniecturam
1363 4737 1492 4802 cisae'a'l.
1516 4744 1570 4803 ‘Vir
1583 4749 1688 4822 quidam
1700 4739 1799 4800 doctna’
1812 4764 1852 4819 ap.
1865 4749 1948 4804 Sturav
1965 4769 1989 4822 p.

423 4836 490 4896 6372
507 4833 700 4912 adnm-tp,
716 4840 793 4894 mua.
821 4841 871 4894 Pro
887 4834 958 4910 περὶ
974 4839 1150 4894 floscebabus
1165 4839 1230 4906 trapi.
1265 4845 1292 4896 la
1309 4843 1390 4896 altaro
1407 4858 1484 4894 versu
1501 4841 1559 4896 cod.
1579 4842 1636 4894 Par·
1651 4828 1696 4908 tri
1711 4831 1844 4908 r’lssapiu,
1865 4841 1988 4912 Stapban.

424 4925 498 5000 ἔγωγ’.
532 4928 643 4982 lloescb.
659 4918 700 4990 eie
711 4925 734 4998 γ’
746 4924 791 5000 lyd
805 4930 840 5001 ἒξ.
873 4933 976 4989 Deinde
989 4925 1127 5002 ἐργαλίουτ
1139 4929 1251 4986 lloasclt
