4500 5666
1193 396 1241 468 at

1098 509 1331 538 mmm

796 652 895 740 νωμσῖσ
914 645 1102 738 ἔσκοσονθ)
1125 644 1216 740 iupa
1238 648 1291 721 nal
1311 647 1466 736 ἠχήεσσαν
1489 647 1596 728 ἀκουὴν

797 761 849 836 nai
870 764 1029 853 perderes·
1049 769 1141 853 κρῒνιιι
1164 759 1196 832 di
1215 759 1300 852 λόγῳ
1323 756 1477 840 eradico
1497 763 1625 852 ἔλεγχον

798 874 830 967 ἐξ
849 874 945 962 ἐμέθεν
963 871 1089 966 baddam,

436 992 551 1080 quibus
566 989 711 1056 versibus
726 989 867 1054 bortatur
882 987 1091 1069 Parmenides,
1114 998 1148 1052 ut
1171 989 1204 1051 in
1225 985 1401 1052 rationibus
1424 985 1632 1052 diiudicandis
1653 1007 1719 1054 non
1735 987 1896 1076 vulgarem
1912 992 2001 1069 riam,

435 1126 501 1171 non
524 1101 689 1169 oculorum
711 1103 897 1185 auriumque
919 1121 1088 1185 sequamur
1109 1096 1268 1178 iudicium,
1290 1097 1348 1164 sed
1369 1109 1473 1164 mente
1495 1121 1604 1164 varum
1626 1097 1848 1165 discernamus.
1888 1101 2003 1166 Simili-

435 1215 513 1283 tudo
538 1225 641 1279 autem
664 1213 775 1278 borum
799 1233 945 1277 versuum
969 1233 1040 1276 cum
1061 1208 1281 1296 Empedocleis
1310 1209 1372 1274 illis
1400 1212 1496 1296 magis
1525 1213 1617 1276 etiam
1640 1209 1786 1290 elucebit,
1808 1215 1835 1276 si
1858 1212 2002 1278 conside-

435 1331 575 1405 rarimus,
600 1346 693 1411 quarn
715 1344 809 1410 saepe
831 1344 892 1387 vox
907 1316 997 1408 λόγος
1017 1343 1086 1386 cum
1108 1324 1210 1386 minus
1234 1318 1364 1386 definita
1385 1343 1466 1387 voce
1488 1324 1550 1395 rade
1572 1319 1657 1409 apud
1679 1333 1801 1388 veteres
1824 1327 2003 1401 coniuncta,

435 1438 488 1504 vel
510 1459 572 1502 una
594 1457 653 1522 pro
678 1435 774 1500 altera
796 1437 899 1521 posita
921 1437 974 1512 sit,
1003 1433 1041 1497 cl.
1071 1453 1108 1497 ea
1137 1432 1291 1519 exempla,
1322 1453 1403 1518 quae
1431 1433 1535 1500 Karst.
1562 1435 1678 1515 (Parin.
1699 1455 1729 1520 p.
1752 1433 1809 1519 st)
1837 1439 2001 1520 congessit.

435 1549 492 1614 llla
514 1559 618 1614 autem
640 1544 825 1618 simibtudo.
854 1565 936 1630 quae
958 1547 1112 1609 neminem
1134 1546 1340 1630 interpretum
1362 1544 1468 1630 rogits
1482 1547 1515 1609 in
1538 1543 1723 1630 explicando
1745 1544 1820 1610 loco
1843 1544 2002 1633 Empedo-

438 1662 506 1726 cleo
531 1683 548 1725 a
570 1658 731 1724 nonnullis
754 1655 895 1742 neglecta
917 1664 972 1720 est.
1019 1655 1129 1740 Quare
1152 1653 1259 1720 denuo
1273 1665 1411 1742 ,oportet
1432 1659 1466 1720 in
1488 1656 1571 1722 buno
1593 1655 1699 1722 locum
1721 1659 1924 1743 inquiramus.

568 1772 662 1837 Initio
692 1771 785 1856 igitur
806 1777 916 1853 poeta,
938 1767 1030 1832 Musa
1061 1766 1159 1846 duce,
1187 1767 1331 1836 hortatur
1359 1765 1543 1847 auditorem,
1573 1776 1608 1832 ut
1635 1777 1742 1832 cernat
1766 1772 1853 1834 omni
1873 1771 1915 1848 ri,
1938 1790 2002 1854 qua

436 1883 578 1971 quidque
601 1885 640 1947 sit
661 1879 856 1944 manifestum
880 1877 935 1960 (σῆ
955 1876 1042 1953 δῆλον
1063 1875 1214 1960 ἕκαστον»
1233 1876 1330 1964 idque
1351 1882 1452 1944 statim
1475 1877 1610 1966 explieat
1627 1878 1756 1959 docens,
1774 1878 1909 1945 eundern
1927 1880 2002 1958 iere,

437 1994 544 2082 quoad
568 1989 783 2059 certitudinem
807 1988 859 2054 rel
879 1988 1092 2076 persuadendi
1114 1993 1192 2069 vim,
1216 1987 1346 2055 diversis
1370 1989 1514 2056 sensibus
1537 1988 1774 2056 concedendum
1797 2012 1867 2056 essc
1887 1989 2002 2070 locum,

435 2128 540 2194 neque
564 2125 659 2170 unum
681 2123 806 2168 sensum
829 2099 919 2167 alteri
941 2099 1269 2188 anteponendum(²);
1297 2105 1349 2166 cui
1371 2101 1466 2182 addit,
1493 2123 1604 2166 sensus
1631 2105 1758 2168 omniuo
1782 2121 1847 2166 non
1870 2121 2003 2187 prorsus

436 2219 583 2285 sulficere
604 2212 645 2278 ad
668 2212 756 2294 illud,
786 2212 874 2299 quod
897 2211 1039 2299 quidque
1061 2234 1136 2277 vere
1159 2217 1211 2291 sit,
1235 2211 1464 2300 reperiendum,
1490 2212 1629 2299 ideoque
1652 2217 1685 2278 in
1707 2213 1781 2280 loeo
1805 2211 1893 2278 verbi
1915 2211 2003 2278 inde-

435 2331 516 2394 finiti
547 2321 639 2413 ἄθρει,
671 2323 759 2411 quod
788 2327 878 2390 initio
910 2332 1129 2411 usurpaverat,
1160 2327 1257 2410 magis
1278 2334 1386 2411 aptum
1412 2334 1446 2390 et
1475 2324 1593 2390 clarum
1615 2325 1806 2391 vocabulum
1830 2321 1882 2393 νόει
1904 2328 2003 2412 ponit.

435 2438 545 2517 Vides,
569 2458 662 2523 quam
686 2439 839 2501 concinne
867 2436 930 2500 hoc
958 2434 1055 2502 modo
1083 2439 1236 2502 sententia
1258 2436 1321 2502 loci
1347 2435 1514 2523 procedat,
1538 2447 1655 2523 quanto
1685 2457 1783 2524 opere
1812 2436 2003 2524 respondeat

434 2547 627 2614 Parmenidis
652 2548 726 2615 loeo
756 2569 852 2634 supra
880 2547 990 2628 allato,
1018 2547 1075 2612 ubi
1102 2548 1193 2612 simili
1220 2547 1316 2612 modo
1347 2553 1480 2634 primum
1508 2550 1541 2614 in
1564 2551 1748 2614 universum
1773 2552 1824 2613 via
1850 2547 2004 2636 quaedam

437 2658 649 2748 cognoscendi
673 2657 946 2742 adumbratur(³)‚
974 2657 1089 2724 deinde
1113 2681 1261 2724 sensuum
1289 2658 1370 2726 fides
1399 2652 1516 2747 (ὄμμα,
1545 2658 1654 2739 ἀκουή,
1682 2659 1828 2746 γλῶσσα)
1857 2663 2004 2741 reicitur,

472 2842 515 2912 (¹)
551 2841 677 2913 Bergkius
689 2842 788 2894 Comm.
801 2842 875 2913 Emp.
887 2859 912 2912 p.
924 2843 956 2890 21
970 2858 1017 2911 pro
1031 2831 1140 2892 ἄσκοπον
1153 2841 1259 2914 requirit
1270 2842 1357 2913 potius
1372 2835 1489 2894 odoaccar
1502 2843 1665 2908 vocabulum,
1679 2843 1735 2896 sina
1749 2843 1810 2908 iure,
1825 2843 1923 2913 opinor.
1936 2845 2004 2896 Laus

437 2937 505 2989 enim
518 2951 639 2988 sensnum
652 2950 741 3003 parum
756 2932 891 3003 quadraret
908 2932 935 2984 in
952 2931 1024 2984 illum
1045 2930 1144 2996 locum,
1165 2940 1191 2984 et
1208 2950 1261 2986 vox
1278 2923 1399 3005 ἠχήεσσα
1416 2933 1449 2987 da
1462 2951 1521 2986 anre
1535 2933 1611 2998 dicta,
1625 2933 1745 3006 exprimit
1757 2951 1808 2986 non
1822 2935 2005 3005 praestantiam

437 3027 573 3098 quandam,
586 3023 632 3078 sed
645 3021 789 3095 simplicem
802 3021 856 3074 eins
869 3032 994 3075 naturam.

474 3117 515 3190 (²)
552 3122 591 3174 lta
604 3117 671 3172 enim
683 3116 857 3190 intellegenda
870 3135 928 3169 essa
941 3116 1021 3170 verbe
1034 3133 1110 3187 snpra
1123 3116 1235 3182 laudata,
1252 3133 1335 3188 paene
1348 3136 1437 3171 omnes
1449 3118 1577 3174 viderunt
1608 3117 1779 3172 Stainbartius
1792 3136 1854 3172 raro
1868 3120 1895 3171 in
1908 3137 1939 3172 ea
1950 3114 2004 3172 dis-

436 3214 579 3285 pntetione,
597 3228 673 3282 qnam
687 3209 719 3263 de
730 3207 890 3279 Empedocle
903 3207 1026 3278 scriptam
1038 3207 1140 3262 Ersohii
1153 3218 1179 3261 et
1192 3209 1234 3264 Gr.
1248 3209 1468 3288 encyclopaadiee
1485 3209 1601 3274 inscruit,
1620 3209 1694 3263 aliter
1711 3228 1765 3263 rem
1783 3209 1899 3281 exponit.
1923 3210 2006 3264 Vertit

437 3314 535 3357 ‘mmm'
806 3371 860 3424 Aul
870 3389 922 3423 uun
935 3370 1031 3424 sobaue
1043 3371 1092 3425 mit
1104 3339 1216 3424 offerrem
1231 3372 1304 3425 sinne
1318 3372 1363 3425 des
1377 3373 1448 3425 klare
1462 3372 1507 3424 der
1519 3372 1603 3445 dioga,

805 3464 859 3514 Nur
872 3479 929 3516 was
942 3462 978 3514 im
992 3462 1061 3534 apsel
1074 3462 1121 3514 de's
1134 3480 1212 3534 auges
1225 3463 1281 3516 sich
1294 3464 1365 3528 malt,
1379 3463 1426 3516 das
1439 3462 1531 3536 glanbe
1544 3462 1579 3515 im
1592 3462 1680 3529 seben,

806 3555 861 3605 Nur
873 3571 929 3605 was
942 3552 996 3606 bell
1009 3553 1048 3606 dir
1062 3553 1104 3606 die
1117 3571 1199 3625 conge
1211 3554 1379 3619 verkiiudete‚
1391 3554 1484 3626 glaeba
1496 3554 1532 3606 im
1544 3553 1631 3608 bitrem

440 3649 513 3714 Quae
527 3647 613 3700 versio
626 3663 658 3698 ne
671 3644 748 3699 nimis
760 3643 879 3698 videatur
891 3643 963 3708 mira,
977 3643 1230 3697 commemorandum
1243 3654 1291 3710 est,
1304 3644 1487 3699 Stainhartinm
1499 3663 1566 3700 vers.
1580 3647 1615 3696 20
1628 3646 1666 3698 sic
1680 3645 1802 3700 scribere:

870 3724 930 3805 μήτε
942 3729 987 3786 τιν’
1000 3724 1057 3801 ider
1071 3731 1137 3812 ἔχων
1148 3733 1232 3787 πίστει
1244 3735 1322 3788 πλὴν
1334 3728 1349 3802 ἤ
1369 3725 1443 3787 sarai
1462 3755 1494 3788 rra
1503 3727 1581 3807 u'pqr.

439 3829 520 3897 (Num
534 3826 680 3898 proximum
698 3843 800 3898 qnoque
818 3843 922 3881 versum
937 3827 968 3876 21
985 3827 1130 3892 mutaverit,
1149 3845 1201 3879 non
1214 3825 1361 3894 indicavit.)
1388 3827 1558 3899 Perspicuum
1579 3837 1664 3881 autam
1681 3836 1728 3892 est,
1746 3826 1824 3880 verba
1840 3820 1902 3879 sarri
1920 3822 2004 3900 aadpqr

439 3919 495 3972 sola
508 3917 655 3971 coniectura
667 3935 725 3970 ease
738 3916 831 3988 posita,
845 3916 917 3968 cuius
931 3915 1043 3969 rationes
1056 3927 1085 3970 nt
1097 3917 1268 3971 Steinhartius
1282 3916 1416 3971 nobiseum
1436 3917 1772 3983 communicareroluisset,
1790 3918 1930 3990 optandum
1943 3919 2003 3974 fuit:

440 4008 562 4064 Ostendit
574 4015 659 4060 autern
671 4005 720 4060 hac
732 4007 760 4059 in
771 4026 798 4060 re
812 4007 877 4060 illnd
890 4007 1039 4061 Abeelardi:
1056 4001 1094 4062 ‘nt
1111 4027 1220 4062 errorem
1233 4008 1387 4074 emendaret,
1405 4008 1469 4062 lecit
1482 4004 1607 4064 errorem.’
1642 4007 1782 4078 onmodo
1801 4009 1881 4073 enim,
1898 4027 2003 4080 quaeso,

439 4100 516 4155 illud:
535 4101 598 4163 Nur,
611 4114 666 4149 was
679 4096 732 4150 bell
746 4098 785 4150 dir
798 4098 840 4152 die
853 4117 935 4170 zunge
948 4098 1099 4165 varlriindet,
1116 4099 1207 4172 glaube
1220 4099 1256 4152 im
1267 4099 1356 4164 boren,
1374 4099 1434 4152 ferri
1447 4101 1554 4171 potest?
1571 4101 1638 4152 Nam
1651 4099 1760 4170 primurn
1777 4098 1856 4152 verba
1869 4089 1941 4165 ἄκοῆν
1954 4096 2004 4171 ipl.

441 4191 528 4244 ianuar
541 4187 728 4243 demonstravit
739 4189 867 4260 Bergkius
880 4189 967 4261 potius¹
979 4189 1006 4242 in
1024 4207 1142 4254 aurem,
1160 4207 1236 4260 qnam
1248 4189 1275 4244 in
1294 4189 1437 4242 anditum
1447 4183 1593 4261 ,quadrare;
1613 4189 1659 4242 sed
1672 4189 1700 4242 id
1713 4207 1775 4242 sane
1787 4189 1878 4242 levina.
1909 4192 2004 4245 Verum

439 4276 581 4356 spardpasa
593 4277 709 4351 γλώσσης
725 4279 806 4332 multo
825 4281 918 4334 rectius
937 4298 994 4332 cnm
1012 4279 1169 4333 Schneidero
1189 4289 1215 4333 et
1232 4280 1368 4334 Karstenio
1387 4280 1420 4333 de
1435 4274 1526 4353 ‘gustu’
1537 4281 1681 4353 intelleges,
1701 4295 1777 4350 qnam
1791 4297 1848 4332 enm
1862 4281 1965 4335 Stnrzio
1979 4293 2004 4336 et

441 4373 596 4429 steinbartio
611 4371 642 4424 de
654 4369 756 4444 linguae
769 4370 877 4438 vocibus
892 4370 960 4440 (was
974 4369 1024 4424 bell
1036 4370 1076 4422 dir
1089 4369 1131 4423 die
1144 4389 1227 4443 zunga
1236 4370 1417 4439 verkiindete),
1431 4371 1501 4442 quod
1515 4372 1575 4443 quia
1588 4389 1639 4424 non
1653 4371 1720 4425 vidit
1729 4370 1909 4437 Steinhartins,
1922 4373 2003 4426 credi-

439 4464 491 4518 bile
506 4475 545 4518 est
558 4481 616 4517 eum
629 4450 688 4514 aurel
701 4449 788 4531 xadpqr
801 4462 943 4533 scripsisse.
974 4463 1069 4515 Postea
1081 4471 1166 4514 autam
1178 4473 1248 4515 recte
1261 4471 1405 4516 statuerunt
1417 4461 1450 4516 de
1463 4462 1512 4516 bac
1522 4480 1551 4514 re
1563 4461 1775 4516 Panzcrbieterus
1789 4470 1815 4514 et
1829 4461 2002 4526 Gladiaabius,

442 4573 547 4624 quorum
560 4555 630 4626 prior
642 4553 732 4608 vertit:

768 4623 870 4678 Weder
882 4634 999 4678 vertraue
1012 4625 1078 4688 dem,
1091 4643 1147 4678 was
1161 4625 1195 4678 du
1209 4624 1348 4690 erschaust,
1361 4626 1440 4692 mehr,
1454 4626 1492 4680 als
1506 4624 1564 4678 deur
1578 4626 1681 4698 gebira,

767 4714 835 4769 noeb
848 4714 907 4768 dem
919 4723 993 4786 gattis
1007 4716 1052 4770 des
1065 4715 1157 4788 gabiirs
1169 4715 1248 4782 mehr,
1261 4716 1299 4769 als
1313 4715 1359 4771 der
1370 4715 1534 4790 emptindnng
1547 4715 1593 4768 der
1605 4735 1697 4789 surge.

479 4807 521 4880 (³)
557 4815 657 4884 Nempe
670 4829 736 4882 qnae
748 4810 793 4866 via
804 4809 910 4864 vitanda
922 4810 963 4875 ait,
976 4811 1003 4864 id
1016 4811 1086 4883 quod
1097 4810 1173 4865 huius
1185 4812 1237 4866 loci
1251 4819 1291 4868 est
1302 4811 1440 4883 proprium
1464 4811 1554 4866 Altera
1566 4821 1652 4866 antem
1665 4829 1715 4876 res,
1728 4828 1794 4882 quae
1807 4809 2002 4866 Parmenideum

442 4901 528 4953 locnm
541 4901 572 4954 ab
584 4903 760 4973 Empedocleo
774 4901 914 4973 distinguit,
928 4901 994 4954 inira
1000 4900 1144 4974 apparebit
