4500 5666
1210 421 1233 494 2

1109 535 1417 573 mmmmm,

444 685 547 751 Cuius
568 681 640 748 libri
661 694 785 760 auctor,
815 683 957 766 quisquis
980 683 1007 744 is
1030 691 1085 760 est,
1115 701 1184 744 cum
1207 677 1238 743 id
1262 687 1375 764 ageret,
1403 687 1438 743 ut
1460 681 1492 743 in
1513 689 1654 745 veterum
1678 700 1861 768 graecorum
1884 687 2006 771 scriptis

445 795 549 860 iontes
577 791 769 873 ostenderet,
798 791 883 858 unde
911 795 1002 876 quasi
1032 790 1125 855 rivuli
1154 791 1381 855 haereticorum
1417 792 1583 876 opiniones
1615 803 1824 872 emanassent,
1855 794 2007 860 nonnulla

445 927 575 992 quoqne
597 906 765 992 fragmenta
792 902 1004 990 Empedoclea
1027 901 1137 980 attulit,
1159 921 1260 986 eaque
1282 923 1421 987 magnam
1444 913 1563 987 partem
1587 902 1727 967 nondum
1751 908 1884 989 cognita.
1930 905 2007 971 lnde

444 1029 547 1082 autem
570 1038 686 1082 novum
710 1019 824 1081 exstitit
845 1014 947 1080 doctis
968 1016 1043 1077 viris
1067 1012 1222 1091 officium,
1250 1015 1281 1076 in
1308 1012 1369 1076 illis
1392 1011 1609 1077 additamentis
1633 1013 1838 1101 disponendis
1861 1019 2007 1100 positum.

443 1129 560 1215 Neque
581 1129 643 1192 lroc
666 1126 855 1214 disponendi
877 1128 1003 1211 negotio
1027 1121 1246 1188 continebatur
1268 1122 1394 1188 illorum
1417 1145 1501 1188 cura,
1526 1124 1615 1203 Nam,
1639 1136 1674 1189 ut
1695 1129 1810 1190 mittam
1834 1126 2008 1214 explicandi

444 1261 567 1318 munus,
590 1238 643 1303 ille
658 1238 759 1306 codex
774 1261 839 1310 ms..
861 1259 898 1302 ex
913 1258 977 1321 quo
990 1233 1063 1298 solo
1087 1232 1183 1300 editio
1206 1233 1260 1300 illa
1281 1238 1429 1321 princeps
1451 1235 1546 1314 lluxit,
1573 1245 1621 1301 tot
1642 1239 1724 1302 vitiis
1747 1240 1849 1322 iisque
1864 1242 2008 1324 gravissi-

443 1355 501 1416 mis
524 1361 630 1428 scatet,
653 1353 722 1416 iure
744 1361 780 1414 ut
795 1348 962 1414 verborum
978 1344 1227 1430 castigandornm
1251 1368 1363 1411 munus
1387 1349 1526 1412 omnium
1549 1349 1669 1413 animos
1691 1351 1887 1433 potissimum
1910 1371 2009 1414 occu·

444 1466 535 1550 parit.
581 1461 644 1529 Cui
666 1465 713 1527 rei
735 1466 854 1548 primus
876 1456 964 1544 quod
987 1456 1095 1531 adam,
1120 1454 1441 1522 Schneidewinus
1464 1459 1504 1522 V.
1526 1457 1564 1524 C.
1589 1479 1716 1545 operam
1739 1463 1864 1525 navavit
1886 1459 2009 1540 (Philo-

443 1575 506 1661 log.
522 1574 579 1638 Vl.
598 1578 624 1652 1,
644 1598 676 1660 p.
695 1577 756 1638 155
772 1578 857 1657 sqq.)
879 1589 943 1655 quo
967 1577 1014 1633 est
1037 1572 1141 1633 animo
1162 1567 1203 1634 ad
1227 1570 1329 1633 omnia
1352 1581 1480 1655 parato;
1507 1591 1578 1635 eum
1601 1581 1704 1636 autem
1727 1575 1825 1637 secati
1849 1583 1922 1638 sunt
1943 1582 2009 1637 ten

442 1685 629 1751 Brinluins
652 1697 684 1750 et
705 1681 940 1759 Meinekins,
963 1681 1039 1745 VV.
1061 1679 1131 1746 CC.
1176 1679 1285 1766 Quum
1306 1700 1384 1745 vero
1408 1681 1453 1746 illi
1474 1685 1534 1746 viri
1561 1681 1689 1768 singulis
1715 1692 1833 1748 tantum
1856 1682 2008 1749 medelam

444 1799 604 1876 ailerrent,
627 1798 821 1861 Henricus
844 1791 1018 1858 Steinius
1041 1802 1166 1871 contra,
1190 1795 1293 1858 omnia
1308 1791 1518 1878 ⁴Empedoclis
1539 1793 1718 1880 fragmenta,
1747 1815 1901 1860 novorum
1926 1817 2008 1880 quo-

445 1933 507 1996 qne
529 1908 634 1975 habita
656 1908 787 1984 ratione,
809 1903 916 1969 denuo
935 1903 1111 1990 ‘disposuit
1132 1906 1300 1983 recensuit,
1322 1903 1492 1969 adnotavit'
1509 1905 1655 1986 (Bonnae
1674 1910 1783 1987 1852),
1805 1905 1932 1972 adiutus
1954 1906 2009 1974 ille

443 2027 476 2088 in
498 2021 579 2087 libro
602 2035 662 2083 ‘suo
685 2014 869 2081 adornando
892 2019 1082 2102 optimorum
1104 2019 1252 2094 virorum,
1277 2027 1312 2080 ut
1332 2015 1488 2081 Brandisii
1511 2026 1542 2080 et
1564 2016 1736 2096 Ritschelii,
1758 2021 1890 2097 amicitia
1914 2029 2009 2104 atque

443 2129 697 2212 liberalitate(¹).
743 2129 870 2207 Tamen,
893 2137 929 2192 ut
950 2127 1042 2193 iacile
1064 2126 1182 2206 credes,
1210 2126 1364 2193 nonnulla
1386 2127 1514 2214 reliquit
1536 2138 1567 2192 et
1589 2127 1650 2193 sibi
1678 2131 1738 2215 ipsi
1767 2140 1797 2194 et
1820 2130 1888 2194 aliis
1910 2141 2008 2194 retra-

444 2243 564 2311 ctanda.
608 2241 718 2304 Restat
740 2238 877 2325 denique
899 2242 931 2304 in
953 2240 1016 2303 lroc
1038 2237 1202 2324 praefandi
1224 2260 1362 2318 munere,
1386 2250 1420 2304 ut
1442 2238 1483 2304 de
1504 2242 1637 2304 instituti
1658 2243 1719 2304 mei
1736 2245 1858 2306 ratione
1872 2241 2008 2326 paucula

442 2375 594 2421 moneam.
632 2352 668 2416 ln
683 2356 787 2416 animo
806 2355 898 2438 igitur
913 2361 969 2431 est,
990 2353 1122 2437 primum
1144 2349 1346 2437 Empedoclis
1368 2354 1564 2437 prooemium
1588 2350 1758 2439 disponere
1782 2364 1813 2418 et
1834 2374 2007 2430 recensere,

441 2465 537 2550 idque
560 2467 617 2543 ita,
644 2473 679 2526 ut
701 2483 766 2527 non
788 2461 935 2528 selectam
957 2467 1146 2540 varietatem,
1177 2461 1236 2526 sed
1258 2466 1407 2549 integram
1429 2483 1585 2550 apponam
1609 2462 1656 2543 (id
1679 2462 1768 2549 quod
1790 2464 1928 2530 Steinius
1949 2485 2007 2530 ro·

441 2577 507 2653 luit,
530 2596 597 2640 non
619 2575 774 2662 pellacit).
817 2572 941 2638 Deinde
964 2573 1060 2638 altera
1083 2571 1304 2659 disputationis
1326 2586 1416 2659 parte
1434 2573 1476 2638 de
1497 2574 1646 2661 singulari
1660 2574 1880 2662 philosophiae
1894 2576 2007 2662 Empe·

443 2687 576 2753 docleae
598 2685 686 2764 loco,
715 2689 768 2771 qui
799 2684 837 2749 ad
868 2684 1081 2772 cognoscendi
1108 2685 1260 2750 theoriam
1289 2695 1423 2771 spectat,
1451 2689 1614 2772 copiosius
1638 2685 1796 2752 disseram.
1842 2686 2007 2754 Addentur

443 2799 579 2884 denique
602 2797 755 2864 nonnulla
778 2795 819 2861 dc
841 2799 887 2877 iis,
911 2795 1027 2881 quibus
1049 2795 1216 2861 viridocti
1239 2800 1344 2861 conati
1364 2808 1439 2862 sunt
1460 2792 1493 2866 si
1516 2787 1543 2864 ir
1567 2798 1760 2864 Parmenidis
1782 2798 1948 2865 illustrare.

879 3053 909 3138 Ι.
969 3002 1030 3138 De
1059 3059 1272 3170 prooemio
1302 3051 1574 3170 Empedoclis.

574 3251 759 3334 Priusquam
783 3246 823 3312 ad
846 3246 1024 3333 colligenda
1045 3268 1081 3312 ea
1104 3247 1274 3333 fragmenta
1297 3246 1492 3327 accedamus,
1516 3269 1598 3333 quae
1620 3247 1829 3335 Empedocles
1853 3255 2008 3336 prooemii

442 3362 517 3427 loco
539 3364 690 3447 posuerit,
713 3381 795 3446 opus
819 3368 866 3423 est
888 3362 1050 3423 instituere
1073 3358 1316 3445 disputationem
1340 3359 1380 3424 de
1402 3363 1454 3439 iis,
1483 3381 1566 3445 quae
1587 3371 1711 3425 veteres
1735 3361 1775 3425 de
1797 3361 1882 3426 illins
1905 3363 2008 3448 plrilo

441 3474 533 3559 sophi
556 3475 679 3559 scriptis
701 3470 796 3536 nobis
818 3469 1021 3554 reliquerunt.
1066 3471 1145 3536 Nam
1165 3469 1205 3534 de
1224 3470 1401 3558 fragmentis
1417 3471 1620 3558 disponendis
1644 3494 1682 3535 ac
1697 3471 1890 3538 collocandis
1914 3495 2006 3538 nemo

443 3595 548 3672 potest
570 3595 655 3649 recte
678 3593 825 3660 statuere,
854 3584 914 3646 nisi
937 3585 992 3667 qui
1013 3603 1033 3645 e
1054 3593 1195 3646 veterum
1219 3586 1403 3647 testimoniis
1425 3593 1548 3648 rectam·
1566 3595 1596 3648 et
1619 3605 1711 3670 quam
1734 3584 1806 3649 fieri
1827 3595 1933 3671 potest
1956 3609 2007 3650 ac-

443 3707 581 3761 curatam
595 3694 665 3761 -sibi
687 3699 849 3782 imaginem
864 3691 987 3758 finxerit
1009 3693 1203 3780 singulorum
1218 3697 1407 3780 scriptorum
1423 3695 1708 3782 Empedocleorum
1718 3693 1778 3782 (²).
1801 3698 1890 3762 Haec
1904 3709 2007 3764 autern

444 3809 614 3894 disputatio
638 3806 800 3893 permultis
821 3803 944 3871 laborat
968 3803 1220 3882 difficultatibusr
1242 3827 1345 3892 pauca
1369 3810 1450 3871 enirn
1474 3819 1556 3887 sunt,
1582 3826 1664 3893 quae
1686 3807 1749 3874 huc
1764 3813 1940 3894 pertineant
1960 3820 2007 3876 te-

443 3922 596 3996 stimonia,
618 3939 721 4002 neque
744 3940 781 3982 ea
804 3920 877 3982 satis
898 3920 979 3982 inter
999 3939 1034 3981 se
1057 3921 1283 3983 convenientia.
1328 3917 1487 4003 Diogenes
1510 3921 1544 3983 L.
1565 3919 1651 3985 Vlll
1674 3921 1713 3991 77
1738 3919 1832 3986 lrabet
1854 3921 1945 3985 haec:
1968 3917 2008 3987 rai

481 4115 523 4186 (²)
541 4117 655 4168 Sicinius
669 4131 746 4186 quum
759 4127 860 4185 praeter
871 4117 1072 4189 disputationem
1084 4117 1247 4170 utilissimam
1261 4118 1293 4171 da
1305 4118 1472 4189 Empedoclis
1485 4119 1588 4191 scriptis
1606 4129 1699 4190 poetae
1718 4119 1804 4174 verbis
1822 4120 1884 4174 nihil
1902 4121 2009 4175 adderet

443 4209 493 4262 nisi
507 4215 664 4280 apparatum,
679 4223 753 4275 quem
767 4217 868 4272 vocant,
882 4209 997 4262 criticum
1008 4237 1040 4248 -
1056 4224 1113 4260 nam
1128 4227 1191 4280 quas
1205 4211 1318 4262 rationes
1331 4211 1357 4262 in
1371 4210 1539 4282 disponendis
1553 4210 1701 4280 fragmentis
1716 4221 1819 4264 secutas
1833 4211 1874 4275 sit,
1888 4229 1966 4282 quum
1980 4215 2007 4266 id

444 4301 475 4353 ab
489 4299 646 4353 accuratiore
658 4313 688 4348 ac
701 4296 846 4366 copiosiore
860 4300 978 4352 carminis
989 4298 1162 4371 explicatione
1176 4316 1227 4352 non
1240 4300 1275 4352 sit
1288 4300 1464 4371 separandum,
1479 4302 1530 4354 alio
1543 4302 1602 4354 loco
1617 4311 1771 4373 exponet-
1783 4301 1922 4356 editionem
1937 4321 2006 4356 com·

443 4390 546 4444 modam
560 4399 586 4442 et
596 4386 736 4459 parabilem
749 4387 823 4440 nobis
836 4387 916 4455 dedit,
929 4400 958 4443 ut
969 4408 1021 4443 non
1032 4389 1210 4454 dubitaverim,
1223 4391 1273 4442 ianr
1288 4402 1355 4443 nunc
1367 4393 1394 4445 in
1407 4393 1524 4446 versibus
1533 4391 1716 4463 Empedoclcis
1729 4391 1839 4444 citandis
1852 4381 2005 4448 itinerariis

394 4496 403 4512 ·
442 4484 489 4547 uti,
502 4499 567 4553 qnos
581 4479 695 4532 steinins
708 4477 815 4549 singulis
828 4481 956 4550 apposnit.

481 4570 522 4640 (²)
560 4575 619 4624 Non
633 4579 673 4622 est
684 4587 799 4633 necessa,
812 4570 902 4623 titulos
915 4572 1054 4624 examinari
1068 4589 1155 4624 eorum
1169 4571 1330 4643 scriptoram,
1350 4591 1415 4644 quaa
1427 4574 1502 4643 Diog.
1517 4575 1545 4624 L.
1555 4575 1622 4625 Vlll.
1636 4575 1671 4628 57
1684 4585 1876 4639 commemorat,
1889 4565 2007 4646 quaeque

442 4663 534 4734 partim
547 4663 613 4716 falso
627 4660 770 4714 tribuuntur
781 4661 942 4732 Empedocli,
961 4663 1074 4715 Metonis
1087 4661 1150 4714 lilio.
1183 4663 1309 4726 Ceterum,
1322 4675 1352 4716 ut
1362 4663 1412 4716 hoc
1426 4663 1508 4716 obiter
1520 4681 1646 4728 moneam,
1665 4683 1710 4734 pro
1728 4661 1816 4715 illisos
1829 4666 1939 4718 Tactzes
1952 4683 2005 4719 non

444 4753 522 4806 semel
536 4749 739 4806 tabernatam
761 4751 806 4818 (cf.
819 4753 911 4805 Philol.
921 4755 963 4806 vt.
980 4757 1030 4804 158
1048 4763 1073 4806 et
1086 4755 1128 4806 Vl.
1144 4755 1203 4818 731,
1223 4771 1290 4825 quac
1308 4765 1351 4807 tan
1367 4755 1488 4808 Brinlrios
1501 4755 1596 4821 alleri).
1629 4758 1702 4808 Nunc
1720 4771 1823 4826 quoqne
1840 4757 1866 4809 in
1882 4755 1939 4809 cod.
1957 4773 2006 4809 ms.

444 4849 575 4915 Argentor.
588 4847 648 4899 lust.
663 4846 737 4896 Mart.
751 4843 846 4895 cohors
862 4835 910 4897 cd
924 4844 1003 4897 video
1016 4853 1116 4898 exstare
1129 4844 1279 4906 Μελίτωνος.
1311 4846 1418 4900 Falsum
1432 4863 1502 4908 sane,
1521 4845 1566 4897 sed
1580 4863 1664 4917 neque
1677 4843 1771 4900 librarii
1790 4863 1857 4900 error
1869 4863 1952 4917 nequo
1964 4846 2004 4900 ln·

444 4952 487 4986 sus
500 4935 525 4986 in
539 4933 586 4986 hac
599 4934 680 4987 forma
694 4934 811 4998 cernitur,
825 4933 870 4987 sed
883 4933 971 5005 potius
984 4953 1049 5006 vaga
1063 4934 1158 5006 opinio.
1176 4937 1272 4990 Milleri
1282 4937 1366 4990 codex
1379 4957 1403 5008 p.
1414 4937 1465 4988 252
1474 4931 1550 5006 Ἐμκ.
1560 4935 1658 4996 Meiros
1667 4929 1859 5009 Ἀκραγαντῖνος,
1872 4937 2005 4992 mendose.
