4500 5666
439 685 494 770 peis
517 682 565 753 cris
584 681 663 770 mi
687 679 832 774 φύσεων
854 683 937 775 αύτῷ
957 680 1009 753 καὶ
1026 684 1052 752 el
1066 680 1214 774 καθαρμοὶ
1233 685 1270 758 εἷς
1285 681 1340 763 in
1363 683 1482 756 τεθουσι
1504 688 1745 777 τεντακισρρθιια,
1762 696 1777 761 d
1794 687 1831 761 di
1849 691 2005 782 ιάτριιοθε

441 796 552 885 λόγος
573 798 612 870 ric
633 797 686 874 ἷπκ
709 792 860 887 ἑξακόσια·
883 809 991 865 καλ.
1038 797 1187 884 Quocum
1211 799 1293 864 conl.
1316 797 1435 864 Suidae
1454 799 1554 866 verbe
1576 825 1600 868 s.
1623 804 1652 870 b
1675 827 1704 870 v.
1727 803 1845 894 ἔγραψε
1872 807 1906 874 δι’
1930 806 2004 875 ε’τῶι

439 905 519 990 περὶ
538 909 687 998 φύσεως
708 907 773 976 scio
796 901 898 978 θιτων
917 910 1029 990 βιβλία
1046 909 1085 996 γ’.
1105 909 1156 977 καὶ
1173 907 1247 977 ἔστιν
1266 911 1319 985 θη
1338 913 1376 981 ὡς
1393 907 1542 996 θισχθλια·
1566 912 1711 1000 ιάτρικοθ
1730 917 2003 1005 καταλογάδην.

439 1021 553 1088 Suides
576 1024 669 1108 igitur
691 1042 788 1107 quum
811 1025 988 1108 perspicuis
1010 1021 1116 1088 verbis
1139 1021 1288 1088 medica
1302 1020 1504 1108 Empedoclis
1526 1023 1704 1109 pedestri
1725 1049 1869 1095 sermone
1891 1034 2005 1117 scripta

439 1133 571 1212 diceret,
593 1131 627 1198 id
649 1134 818 1198 Karstenio
842 1132 910 1197 aliis
932 1154 996 1198 nou
1021 1135 1190 1198 convenire
1212 1132 1378 1199 videbatur
1400 1156 1470 1199 curn
1493 1135 1643 1222 Diogenis
1665 1138 1785 1221 verbis,
1807 1153 1842 1206 ut
1865 1145 1919 1228 qui
1943 1143 2003 1214 iss

439 1243 522 1335 ἑξαα
545 1243 668 1310 medico
690 1243 747 1309 illo
771 1243 930 1332 opusculo
952 1243 1122 1310 tribuisset.
1166 1244 1285 1330 Quare,
1308 1248 1366 1310 etsi
1387 1245 1438 1310 rel
1458 1245 1610 1333 Diogenis
1631 1242 1742 1334 λόγος
1766 1250 1925 1320 deterrere
1948 1252 2003 1320 dc·

438 1356 559 1435 bueret,
581 1367 685 1422 tamen
706 1357 892 1422 Karstenius
913 1355 1032 1422 Snidae
1054 1377 1191 1422 errorem
1213 1355 1355 1422 tribucre
1376 1355 1492 1438 naluit,
1515 1379 1607 1443 quam
1630 1356 1671 1423 ab
1693 1361 1886 1448 Εωραᾱοηίο
1907 1364 2004 1430 medi.

438 1489 508 1536 cunr
532 1466 612 1534 illud
633 1467 815 1534 cbiudicare
837 1489 970 1533 carmen.
1008 1467 1073 1534 Sed
1095 1466 1226 1534 verbum
1250 1467 1303 1543 ἔτη
1324 1488 1524 1554 nequaquem
1546 1468 1640 1534 nobis
1661 1473 1862 1556 persuadere,
1885 1487 1921 1540 ut
1935 1499 2003 1541 oar·

438 1601 509 1644 men
532 1601 573 1646 eo
595 1578 789 1666 designatum
811 1599 881 1644 csse
907 1590 1068 1665 putemus,
1095 1579 1285 1648 Ritscbelius
1315 1579 1452 1644 ostendit
1479 1578 1571 1660 (bibl.
1592 1580 1678 1646 Alex.
1700 1605 1732 1669 p.
1758 1587 1844 1666 tol).
1889 1589 2003 1673 Neque

437 1695 534 1778 magis
550 1691 655 1756 lavent
670 1692 828 1756 Karsteuii
847 1694 1056 1770 coniecturae,
1080 1712 1163 1776 quae
1184 1711 1222 1755 ex
1244 1689 1424 1756 Aristotelis
1446 1699 1514 1758 erte
1534 1695 1659 1778 poetica
1681 1692 1845 1782 descripsit
1864 1701 1909 1782 (p.
1926 1699 2002 1782 it).

438 1803 546 1889 Quum
569 1813 671 1868 autem
694 1814 870 1890 quaereret,
898 1803 968 1868 talis
991 1801 1103 1868 medici
1125 1805 1268 1870 carminis
1291 1823 1367 1868 num
1389 1803 1523 1870 lortasse
1544 1816 1744 1890 superessent
1765 1809 1902 1894 vestigio,
1925 1811 2002 1874 inci-

438 1913 537 1980 ditio
559 1933 671 1980 versus
691 1913 764 1978 illos
788 1918 862 1982 satis
884 1926 991 1995 notos,
1012 1935 1095 2000 qnos
1118 1915 1252 2001 Diogen
1274 1912 1370 1979 babet
1384 1914 1473 1980 Vlll.
1489 1917 1555 1980 59.:
1584 1915 1684 1983 τοῦτον
1705 1920 1762 1998 (sc
1780 1917 1918 2005 Γοργίαι)
1941 1929 2001 2006 φη-

438 2022 481 2092 σὶν
503 2030 517 2092 ὁ
539 2022 673 2108 Σάτυρος
696 2023 793 2112 λε’γειν
820 2029 858 2098 ὡς
878 2022 966 2098 oriris
987 2024 1087 2111 παρείη
1109 2025 1150 2115 τῷ
1169 2024 1373 2112 Ἐμπεθοκλεῒ
1388 2021 1564 2112 γοητεύοντι.
1586 2023 1677 2096 eati
1694 2023 1746 2096 scol
1767 2027 1854 2096 αύτθν
1874 2025 1925 2096 did
1946 2033 2001 2096 τῶν

437 2137 605 2220 ποιαμύτων
624 2135 869 2224 ἐπαγγέλλεσθαι
889 2136 974 2204 rorici
995 2164 1027 2205 τε
1045 2133 1098 2204 καθ
1116 2131 1206 2206 dane
1227 2135 1326 2216 πλεθω,
1347 2137 1379 2204 di
1393 2133 1429 2204 ὧν
1452 2147 1540 2226 φησι·

754 2289 911 2380 φύρμακα
933 2289 1046 2359 θ’θσσα
1066 2292 1177 2380 γεγιῖσι
1199 2293 1300 2360 κακῶν
1321 2289 1373 2360 καθ
1393 2291 1500 2380 γήραος
1520 2287 1621 2380 οἶλκαρ

752 2399 860 2495 πεύσῃ,
880 2398 938 2470 issi
958 2398 1058 2491 μούνῳ
1077 2433 1121 2470 σοι
1144 2401 1202 2492 ἔγο)
1222 2403 1329 2491 κρανέω
1351 2401 1424 2470 sc'ds
1445 2403 1553 2471 πύντα.

752 2513 875 2586 παύσεις
897 2513 927 2581 θ’
936 2511 1102 2599 οἱκαμοίτων
1123 2515 1236 2600 ἀνεμων
1259 2517 1343 2604 μένος
1363 2512 1408 2582 οἵτ’
1424 2511 1469 2582 ixl
1492 2521 1583 2604 γαῖαν

751 2623 894 2714 θρνύμενσι
914 2633 1040 2694 πνοιαῖσι
1054 2625 1325 2718 ,καταφθινύθουσιν
1346 2622 1484 2716 ιῖρουραν·

659 2743 664 2754 “
751 2735 802 2806 καὶ
822 2739 922 2818 τοίλιν,
945 2733 999 2805 οὔτ’
1021 2739 1171 2831 ἐθέλῃσθα,
1190 2738 1367 2808 παλίσσυτοι
1387 2737 1529 2824 πνεύματ’
1554 2733 1684 2830 ἔτίξεις·

752 2849 843 2925 θύσεις
862 2848 932 2940 θ’ἰξ
952 2843 1071 2936 ὄμβροιο
1091 2852 1229 2918 κελαινοῦ
1250 2850 1356 2936 καίριον
1379 2847 1502 2935 αύχμθν

751 2957 912 3048 ἀνθρώποις,
935 2958 1024 3033 θύσεις
1047 2959 1078 3029 di
1095 2959 1147 3030 καθ
1170 2962 1201 3054 ἒξ
1224 2965 1361 3048 αὐχμοῖο
1385 2961 1484 3050 θερείου

749 3071 888 3162 ῥεύματα
907 3070 1122 3160 θενθρεύθρεπτα
1143 3079 1207 3142 κατ’
1231 3074 1337 3161 αι’θέρος
1359 3071 1514 3144 diorum·

751 3177 830 3276 ύξεις
850 3185 917 3276 θ’ἒξ
936 3182 1040 3254 ’Aidec
1063 3185 1287 3276 καταφθιμένου
1307 3184 1392 3273 μθννς
1410 3183 1516 3273 civicis.

436 3345 504 3408 llos
527 3364 636 3408 versus
659 3345 760 3428 igitur,
783 3345 840 3406 etsi
863 3364 929 3408 non
951 3347 1019 3408 siue
1043 3339 1147 3427 alique
1171 3341 1436 3426 dubitatione(¹),
1458 3342 1644 3408 Kerstcoius
1671 3353 1761 3428 putet
1784 3364 1851 3410 esse
1878 3355 1998 3412 sumtus

436 3477 454 3520 c
476 3451 599 3520 medico
624 3452 761 3540 quodam
786 3457 920 3519 carmine
943 3453 1144 3540 Empedoclis
1168 3453 1222 3534 (cl.
1246 3453 1333 3541 apud
1355 3475 1426 3519 eum
1447 3477 1477 3517 v.
1494 3451 1558 3518 424
1579 3461 1664 3539 sqq.)
1694 3452 1758 3518 Sed
1781 3466 1866 3518 recte
1889 3460 1917 3520 ei
1940 3480 1998 3544 op-

435 3569 525 3652 ponit
539 3566 687 3645 Sicinius,
709 3564 782 3630 illos
805 3587 924 3645 versus,
946 3570 972 3630 si
995 3569 1126 3651 primum
1151 3576 1182 3630 et
1205 3565 1345 3631 ultimum
1369 3569 1513 3653 excipias.
1537 3565 1613 3629 nihil
1630 3569 1798 3645 continere,
1822 3567 1911 3650 quod
1934 3591 1999 3634 non

434 3681 541 3763 potius
563 3680 718 3765 pertineat
741 3674 780 3740 ed
803 3700 853 3743 res
876 3677 1025 3764 physices
1048 3700 1142 3762 quam
1165 3677 1277 3743 adres
1300 3676 1446 3742 medicas.
1491 3675 1706 3762 Quamobrem
1734 3677 1761 3741 si
1784 3698 1911 3743 carmen
1935 3704 1998 3746 rne-

435 3788 536 3854 dicum
560 3788 601 3854 ab
624 3786 816 3874 Empedocle
840 3792 1051 3874 conscriptum
1076 3811 1145 3854 esse
1168 3788 1357 3876 negabimus,
1380 3810 1447 3854 nou
1469 3786 1560 3854 lacile
1584 3785 1776 3869 errabimus(
1795 3795 1818 3868 ).

566 3901 675 3966 Restat
697 3902 926 3986 gravissimum,
954 3911 988 3965 ut
1016 3897 1056 3964 de
1083 3912 1194 3965 natura
1224 3875 1368 3963 carminis
1396 3901 1519 3988 physici
1545 3895 1622 3982 (περὶ
1645 3898 1763 3986 φύσεως
1782 3899 1871 3978 (dadi.
1894 3895 1945 3988 γ’)
1968 3915 1998 3968 et

434 4035 552 4092 eorum,
575 4033 658 4098 quae
681 4010 820 4075 lustralia
844 4007 1043 4097 (καθαρμούς)
1066 4023 1191 4091 vocant,
1212 4021 1297 4076 recte
1320 4021 1501 4076 statuamus.
1544 4009 1662 4074 Eorum
1686 4014 1766 4076 enim
1796 4034 1864 4077 esse
1888 4013 1996 4078 salsam

433 4127 624 4209 opinionem,
648 4125 703 4207 qui
725 4122 806 4187 duos
829 4121 901 4188 illos
925 4122 1034 4188 titulos
1056 4124 1089 4188 iu
1113 4145 1210 4188 unum
1232 4121 1378 4208 idemque
1402 4142 1526 4188 carmen
1548 4119 1662 4186 cadere
1685 4120 1828 4202 doceant,
1851 4145 1949 4209 quum
1966 4137 1996 4190 et

432 4239 498 4321 ipsa
522 4234 685 4301 titulorum
708 4233 830 4299 diversa
854 4234 1040 4321 significatio
1064 4247 1094 4300 et
1111 4234 1356 4300 luculentissima
1373 4237 1547 4300 testimonia
1564 4232 1767 4320 refragentur,
1788 4254 1853 4299 non
1868 4255 1997 4300 necesse

490 4384 658 4392 ——.-—-.--
722 4383 741 4388 --
754 4385 789 4390 ---
799 4384 847 4390 -—-
1038 4383 1479 4392 -.-—.—.—---—-—.---..—
1493 4382 1627 4388 -q-
1664 4383 1714 4388 -..

469 4455 511 4524 (¹)
547 4459 614 4510 Nem
627 4455 691 4510 dicit
702 4475 727 4528 p.
741 4457 808 4512 291:
826 4457 895 4530 Ergo
913 4465 957 4510 ent
974 4456 1008 4510 sd
1026 4456 1191 4530 physicorum
1209 4466 1252 4510 sut
1266 4455 1299 4508 ed
1312 4456 1468 4510 medicorum
1481 4472 1583 4510 carmen
1598 4454 1723 4510 referendi
1737 4465 1807 4520 suut,
1826 4472 1933 4526 quorum
1947 4455 1995 4510 boc

432 4549 494 4602 mibi
507 4547 665 4620 probabilius
677 4546 771 4600 visum.

467 4637 508 4709 (¹)
545 4637 659 4692 Sicinius
672 4657 697 4710 p.
712 4641 727 4690 8
742 4655 799 4710 sqq·
813 4637 890 4690 etium
904 4637 936 4690 de
949 4637 1116 4710 Empedoclis
1138 4636 1279 4692 medicis
1299 4636 1448 4711 pedestri
1465 4654 1583 4690 sermone
1602 4636 1753 4708 conscriptis
1771 4635 1935 4690 vehementer
1947 4638 1994 4691 do-

432 4730 589 4796 bitatnixut
602 4728 784 4802 sagacissimis,
797 4737 826 4781 ut
839 4727 915 4782 iscile
929 4729 1011 4792 vides,
1025 4727 1255 4792 observetionibum
1266 4738 1351 4784 temen
1364 4745 1445 4800 neque
1459 4727 1515 4798 ipse
1528 4728 1564 4782 its
1577 4745 1629 4780 rem
1642 4736 1810 4800 pertractasse
1823 4726 1872 4780 sibi
1886 4727 1996 4794 videtur,

434 4833 461 4876 ut
474 4822 571 4877 Suidee
585 4820 723 4874 enomrites
737 4836 841 4892 prorsus
855 4811 956 4876 sublate
968 4821 1008 4874 sit.
1041 4819 1093 4874 Sed
1107 4837 1164 4873 cum
1177 4818 1209 4874 ed
1223 4837 1275 4874 rem
1287 4830 1401 4876 nostram
1414 4817 1480 4872 nibil
1493 4819 1596 4884 facient,
1608 4818 1653 4874 ille
1665 4835 1731 4874 nnnc
1743 4817 1881 4876 mittemus.

1753 4923 1790 4996 ,.
