4500 5666
1209 357 1254 430 16

580 619 681 684 Totus
703 616 754 681 hic
775 615 866 681 locus
882 615 1023 698 (tt-23)
1047 617 1163 679 utiam
1187 613 1388 679 observatum
1412 623 1467 694 est,
1491 614 1619 680 aSexto
1643 618 1686 680 ita
1701 613 1870 694 exhibetur,
1893 624 1927 678 ut
1941 615 2013 680 nul-

449 732 513 797 lum
535 729 666 794 lacunae
688 726 837 792 indicium
859 747 993 810 usquam
1016 729 1197 812 reperiatur,
1219 728 1280 790 uisi
1300 726 1382 790 [orte
1405 727 1508 806 v.16,
1536 725 1591 790 ubi
1612 721 1688 810 pall
1708 723 1745 792 σέ
1761 726 1788 812 γ’
1803 721 1926 816 εύὸὅξαο
1947 721 2013 802 βιή-

450 869 531 910 σεται
560 839 712 904 lihrorum
742 838 817 902 ierri
845 846 909 901 tum
946 835 1079 912 demum„
1103 845 1219 922 potest,
1253 840 1279 900 si
1311 836 1489 922 complures
1519 857 1628 901 versus
1656 836 1807 902 excidisse
1841 835 2012 902 credamus.

447 951 513 1019 Sed
534 972 631 1016 nexus
659 952 881 1014 sententiarum
904 947 1024 1027 suadet,
1049 957 1084 1012 ut
1106 945 1293 1020 emendandi
1319 950 1425 1034 potius
1452 970 1621 1033 sequamur
1642 952 1731 1014 viam.
1776 949 1906 1014 Praeter
1929 949 2014 1014 illam

447 1065 589 1128 lacunam
620 1063 770 1146 suspicati
800 1071 873 1126 sunt
904 1060 983 1124 duas
1014 1059 1107 1138 abas,
1135 1068 1208 1144 post
1230 1082 1258 1124 v.
1284 1059 1332 1130 17.
1356 1057 1444 1126 πλέον
1466 1059 1564 1138 οἰκεῖν,
1587 1069 1617 1123 et
1638 1071 1713 1145 post
1734 1083 1763 1124 v.
1783 1065 1832 1124 18.
1855 1057 1952 1149 θοίροεο
1972 1099 2011 1110 -

447 1169 565 1264 desiste,
588 1171 645 1238 sed
667 1183 834 1257 utrumque
855 1171 962 1236 locum
984 1181 1168 1256 corruptum
1188 1191 1272 1249 esse,
1300 1170 1446 1236 viderunt
1468 1173 1527 1236 viri
1550 1167 1653 1250 docti,
1685 1171 1839 1257 simulque
1863 1195 1917 1236 eas
1940 1194 2015 1257 pros

447 1297 624 1374 posueruut
646 1282 890 1362 emendationes,
914 1303 996 1367 quae
1019 1303 1179 1346 assensum
1199 1303 1300 1368 paene
1324 1292 1538 1367 extorqueant.
1583 1281 1692 1367 Quare
1714 1304 1819 1368 neque
1841 1287 1874 1348 iu
1895 1284 1943 1349 his
1966 1283 2016 1348 lo·

448 1402 492 1464 cis
513 1398 695 1463 lacunosam
721 1417 790 1460 esse
812 1415 958 1458 versuum
983 1391 1268 1478 Empedocleorum
1292 1396 1413 1472 seriem,
1436 1391 1554 1457 tamdiu
1576 1393 1744 1458 tenendum
1768 1399 1835 1470 erit,
1864 1393 2015 1481 quamdiu

448 1531 514 1574 non
542 1508 628 1594 apud
656 1508 749 1573 alium
779 1517 887 1572 testem
912 1513 1063 1584 veterem,
1092 1503 1225 1569 eundem
1249 1504 1357 1569 locum
1377 1504 1552 1590 pleniorem
1578 1504 1753 1590 legerimus.
1799 1507 1880 1572 Nam
1903 1506 1936 1571 id
1957 1529 2014 1571 ue·
2120 1502 2124 1508 ’

448 1624 513 1708 gari
535 1624 652 1705 nequit,
676 1624 766 1684 etiam
785 1618 921 1695 Sextum,
945 1637 1123 1701 quanquam
1147 1619 1228 1681 inter
1245 1615 1509 1702 locupletissimos
1530 1627 1578 1680 est
1602 1617 1764 1700 testes(¹),
1785 1639 2013 1704 nonuunquam

447 1738 490 1798 ita
511 1732 601 1798 locos
617 1742 756 1796 veterum
775 1728 1038 1815 philosophorum
1061 1726 1216 1807 laudasse,
1241 1739 1283 1809 ut,
1307 1728 1397 1792 nullo
1420 1726 1537 1793 indicio
1566 1733 1723 1814 apposito,
1746 1729 1924 1815 complures
1943 1751 2014 1794 ver-

449 1867 518 1924 sus,
545 1847 664 1930 quippe
689 1862 771 1927 quos
797 1837 837 1903 ad
860 1859 925 1904 rem
949 1861 1036 1902 suam
1059 1839 1135 1903 nihil
1158 1839 1262 1904 lacere
1284 1838 1421 1919 vidisset,
1451 1842 1614 1918 omitteret,
1642 1845 1732 1904 cuius
1753 1844 1799 1905 rei
1821 1841 1941 1905 illustre
1964 1862 2015 1905 ex·

450 1956 585 2043 emplum
608 1952 703 2017 habes
726 1954 815 2016 initio
840 1953 981 2014 carminis
1004 1948 1209 2015 Parmenidei.
1255 1949 1358 2036 Quid,
1387 1949 1474 2036 quod
1502 1955 1592 2016 etiam
1622 1953 1654 2014 in
1676 1951 1833 2016 Plutarchi
1861 1951 1916 2015 illo
1939 1949 2013 2015 loco

449 2069 522 2135 ἔστιν
546 2061 678 2152 ανάγκην
699 2063 817 2148 χρῆμα,
841 2084 934 2147 quem
959 2061 1144 2126 lacunosum
1169 2082 1237 2126 esse
1259 2084 1352 2127 uerno
1376 2066 1579 2148 interpretum
1604 2075 1776 2143 censuerat,
1799 2085 1883 2128 nuuc
1907 2085 1925 2126 e
1944 2062 2017 2126 Mit-

449 2180 506 2245 leri
528 2177 610 2242 libro
642 2174 820 2261 complures
848 2157 959 2238 uersus
983 2176 1076 2237 tacite
1100 2177 1233 2237 omissos
1255 2172 1415 2239 videmus?
1444 2173 1553 2258 Quare
1568 2172 1621 2238 ‚de
1643 2174 1702 2238 hac
1724 2197 1760 2238 re
1786 2178 2014 2260 circumspecto

448 2288 566 2356 iudicio
592 2307 674 2372 opus
705 2296 762 2350 est
807 2286 880 2350 Fuit
907 2295 1026 2364 autem,
1057 2287 1112 2369 qui
1140 2285 1381 2370 transponendis
1409 2285 1554 2351 versibus
1581 2285 1688 2351 locum
1718 2285 1885 2353 emendare
1911 2286 2015 2363 vellet,

448 2406 490 2466 ita
514 2408 549 2463 ut
571 2408 646 2485 post
669 2419 794 2462 versus:
1978 2403 1980 2412 ⁴

1041 2501 1080 2574 rai
1100 2506 1128 2574 δ’
1143 2503 1189 2574 οὖν
1212 2503 1271 2573 e'rrel
1291 2503 1341 2573 ὧδ’
1365 2501 1510 2585 ε’λννίνθης,

801 2614 923 2684 πεύσεαι
947 2620 978 2683 οὐ
999 2617 1088 2684 πλέον
1108 2610 1163 2705 οἶγε
1182 2617 1292 2704 βροτεῖη
1312 2620 1399 2704 μῆτις
1417 2614 1510 2709 ὄρωρε.

449 2742 583 2820 poneret
603 2734 704 2798 statim
728 2730 809 2812 illos,
833 2752 851 2794 a
875 2729 1039 2796 Clemente
1060 2752 1192 2816 quoque
1214 2729 1375 2796 laudatos:

799 2839 875 2925 μηδὲ
897 2840 935 2908 σε’
948 2843 975 2927 γ’
993 2839 1116 2929 εὐδόξων
1138 2839 1272 2919 βιήσεται
1295 2837 1383 2910 dedeo
1404 2842 1489 2926 τομῆς

801 2949 870 3040 aspir
892 2952 993 3026 θνητῶν
1014 2951 1175 3029 οἰνελένθαι,
1198 2954 1244 3040 ἐφ’
1263 2949 1286 3042 ᾧ
1305 2954 1328 3019 θ’
1345 2956 1421 3029 ὁσίης
1442 2952 1530 3020 πλέον
1552 2954 1644 3022 eleeto.

450 3071 610 3134 Hactenus
633 3086 711 3130 vero
737 3064 810 3130 licet
838 3064 921 3130 hene
948 3062 1101 3151 procedat
1128 3070 1295 3145 sententia,
1325 3078 1426 3131 tamen
1454 3065 1715 3152 insequentibus
1741 3065 1885 3132 versibus
1909 3065 2017 3154 dispo-

449 3178 559 3245 nendis
582 3199 642 3243 nec
663 3178 846 3242 lacunarum
870 3179 1082 3262 suspicionem
1105 3181 1202 3242 vitare
1225 3177 1278 3242 ille
1298 3189 1431 3264 poterat,
1455 3200 1515 3243 nec
1538 3181 1611 3244 mihi
1630 3190 1733 3244 tantae
1754 3179 1959 3266 negligentiae
1978 3203 2016 3246 ac

449 3289 695 3378 perturbationis
716 3291 876 3353 accusatio
901 3292 934 3352 in
957 3287 1041 3352 Sexti
1064 3292 1281 3354 auctoritatem
1303 3288 1468 3354 videbatur
1492 3288 1658 3374 quadrare.

581 3403 645 3466 lam
669 3397 825 3465 adfinem
848 3403 1004 3484 prooemii
1028 3412 1211 3485 perventum
1235 3410 1296 3480 est,
1319 3404 1422 3466 omnia
1445 3405 1541 3482 enim,
1571 3423 1653 3487 quae
1679 3402 1865 3466 Karsteuins
1893 3422 1933 3467 eo
1955 3425 2017 3467 no-

449 3517 531 3578 mine
554 3516 681 3577 carmini
701 3521 922 3599 proposuerat,
945 3520 1000 3573 aut
1020 3514 1052 3574 iu
1072 3511 1212 3576 lustralia
1235 3511 1440 3598 relegavimus
1463 3522 1517 3576 aut
1541 3511 1646 3577 denuo
1666 3516 1889 3577 recensuimus.
1920 3513 2016 3580 Solus

449 3626 585 3690 Steinius
609 3623 780 3689 nonnullos
809 3643 919 3686 versus
938 3622 1171 3707 Empedocleos
1196 3622 1322 3702 adiecit,
1351 3627 1469 3710 quippe
1492 3627 1548 3709 qui
1570 3646 1726 3710 nusquam
1750 3629 1852 3711 aptius
1876 3624 2015 3712 legeren-

449 3746 509 3814 tur,
533 3757 626 3820 quam
649 3740 683 3798 in
703 3737 881 3821 prooemio,
926 3733 1007 3798 Sunt
1030 3745 1133 3799 autem
1157 3757 1267 3800 versus
1292 3733 1399 3801 alt-32
1424 3743 1488 3820 (ap.
1505 3737 1649 3802 Karsten
1668 3735 1826 3821 tat-32),
1850 3758 1932 3822 quos
1954 3741 2015 3802 iam

449 3867 544 3932 supra
579 3867 649 3930 pag.
676 3848 696 3909 3
727 3867 745 3910 e
772 3845 916 3933 Diogene
944 3845 1048 3909 attuli:
1085 3845 1244 3934 φοίρμακα
1274 3844 1302 3911 d'
1327 3843 1406 3913 irco
1432 3846 1543 3934 γεγοῖοι
1569 3847 1668 3916 κακῶν
1698 3842 1750 3914 καὶ
1777 3845 1886 3934 γήραος
1914 3841 2014 3935 οἶλκαρ

449 3988 476 4025 κ.
491 3983 517 4024 τ.
533 3969 565 4024 λ.
609 3956 678 4019 Hos
706 3968 807 4021 autem
829 3979 940 4021 versus
963 3956 1105 4022 Sturzius
1132 3961 1213 4023 inter
1238 3957 1379 4023 lustralia
1403 3971 1552 4043 posuerat
1576 3963 1620 4040 (v.
1637 3961 1701 4024 399
1717 3967 1814 4046 sqq),
1846 3960 2015 4024 Karsteuio

448 4091 525 4134 vero
551 4090 568 4134 e
590 4065 713 4131 medico
737 4071 842 4152 potius
865 4070 1000 4132 carmine
1021 4072 1114 4132 sumti
1136 4068 1338 4146 videbantur;
1369 4080 1401 4134 et
1424 4081 1507 4135 certe
1530 4074 1563 4135 iu
1585 4069 1768 4136 lustralibus
1796 4069 1872 4135 nihil
1893 4070 1957 4134 loci
1978 4074 2015 4137 iis

449 4181 593 4248 relictum
618 4187 676 4257 est,
704 4181 777 4263 quia
800 4200 865 4243 uon
888 4179 1010 4266 plures,
1033 4179 1089 4243 sed
1113 4203 1210 4245 unum
1234 4179 1336 4245 solum
1360 4180 1535 4247 auditorem
1556 4185 1589 4246 in
1612 4182 1659 4245 his
1681 4181 1825 4248 versibus
1849 4182 2018 4267 compellat

449 4305 554 4382 poeta.
586 4291 740 4356 ci.v.25:

764 4375 873 4470 πεύσῃ,
894 4376 953 4446 ἐπεὶ
975 4373 1074 4468 μούνῳ
1095 4378 1140 4448 rol
1162 4375 1219 4468 ε’γο)
1239 4380 1348 4470 κρανέω
1368 4375 1440 4450 adds
1461 4379 1561 4450 aalma
1580 4409 1608 4448 κ.
1623 4409 1650 4448 τ.
1665 4394 1698 4449 λ.

449 4493 608 4560 Medicum
633 4512 711 4556 vero
738 4512 862 4556 carmen
891 4490 930 4556 ab
957 4490 1150 4580 Empedocle
1175 4497 1323 4578 scriptum
1344 4515 1427 4574 esse,
1454 4493 1544 4558 nullo
1572 4492 1731 4579 probabili
1757 4505 1938 4579 argumento
1961 4491 2015 4557 de·

450 4608 616 4671 monstrari
636 4612 751 4689 potest.
784 4600 860 4667 'Sed
885 4601 924 4666 de
946 4603 1005 4668 hae
1027 4625 1075 4683 re,
1099 4625 1192 4687 quam
1215 4608 1275 4668 ianr
1303 4626 1398 4690 supra
1427 4608 1596 4692 attigimus,
1626 4625 1790 4690 compares
1811 4605 1903 4670 velim
1927 4625 2014 4691 saga-

486 4855 528 4927 (¹)
567 4860 626 4928 Qua
639 4857 671 4910 de
684 4877 710 4911 rs
724 4858 801 4913 adeas
814 4857 892 4911 velim
904 4857 1021 4911 Fischeri
1035 4857 1223 4927 Quaestionum
1234 4861 1310 4931 Emp.
1322 4861 1427 4932 specim.
1440 4879 1465 4932 p.
1477 4863 1518 4912 11.
