4500 5666
410 693 472 756 llic
493 693 586 776 igitur
608 689 699 754 locus
722 687 922 775 :plerisque
945 686 1120 752 editoribus
1144 697 1238 775 caput
1260 688 1312 754 rel
1335 699 1420 754 certe
1442 711 1514 774 pars
1538 692 1662 778 physici
1687 695 1829 759 carminis
1851 694 1974 761 babitus

411 813 467 882 est,
489 822 593 888 neque
616 800 685 866 sola
707 804 889 865 coniectura
912 798 944 864 id
968 809 1152 878 statuerunt,
1176 798 1232 864 sed
1255 803 1364 864 moniti
1388 822 1405 863 a
1423 799 1600 882 Plutarcho,
1622 815 1703 869 teste
1725 816 1760 869 ut
1781 805 1905 870 videtur
1927 806 1975 872 lo-

410 912 634 1001 cupletissimo.
679 911 759 976 Plut
783 915 864 976 enim
887 911 1012 976 illorum
1034 932 1182 976 versuum
1206 913 1347 996 quinque
1371 912 1419 975 bis
1440 911 1547 976 verbis
1569 914 1754 980 introducit:
1784 916 1840 997 (de
1862 939 1922 982 crs.
1945 942 1975 1005 p.

483 1123 542 1178 373.
562 1124 646 1176 Plus
658 1123 674 1176 l
688 1123 704 1177 l.
719 1117 834 1192 δαίμονας
847 1117 898 1174 eis:
912 1118 1062 1192 μακραίωνις
1075 1113 1227 1194 λιλᾶγχασι
1239 1118 1317 1186 βίοιο.
1336 1121 1384 1176 Pe.
1403 1121 1489 1192 Orig.
1511 1122 1606 1176 refut.
1619 1143 1645 1195 p.
1659 1119 1723 1182 2t92
1746 1119 1872 1196 batpo‘vaes'
1886 1147 1912 1179 τι
1930 1147 1976 1197 μα-

409 1211 525 1286 κραίωνος
536 1205 672 1287 λελᾶχασι
685 1207 762 1278 βίοιο.

482 1307 606 1358 lleeren
625 1304 784 1358 emendavit:
803 1297 904 1372 δαὶμων,
921 1297 982 1367 otu,
1003 1302 1074 1356 Stob.
1092 1303 1158 1355 Ecll.
1172 1305 1193 1357 l.
1205 1323 1230 1374 p.
1246 1305 1305 1359 895.
1325 1302 1450 1374 illumque
1467 1303 1547 1356 secuti
1561 1314 1620 1356 snut
1632 1304 1757 1372 Sturzine,
1776 1309 1877 1382 Bergk,
1889 1311 1977 1376 Muli,

411 1395 610 1459 Schneidewin,
623 1395 717 1459 stein:
734 1395 864 1465 vulgatam
877 1395 1037 1446 retinuerunt
1048 1394 1206 1458 bautonius,
1218 1392 1439 1446 Panzerbieterus.
1471 1393 1583 1466 Scriptio
1602 1384 1725 1464 δαιμὸνιοί
1736 1415 1773 1462 τι,
1792 1417 1868 1470 qnam
1881 1419 1949 1454 nunc
1963 1421 1977 1455 ο

411 1487 483 1542 refut
500 1487 632 1551 babemus,
650 1487 737 1540 lavere
755 1485 857 1538 videtur
868 1486 997 1556 vulgatae,
1018 1483 1069 1537 iam
1086 1494 1162 1537 antee
1179 1501 1195 1536 a
1213 1483 1348 1538 Karstenio
1361 1503 1412 1537 nou
1426 1503 1529 1556 prorsus
1542 1484 1678 1539 infeliciter
1691 1485 1825 1553 defensam
1843 1494 1976 1547 excusatio

412 1587 496 1632 antem
509 1579 578 1632 illius
589 1577 696 1649 pluralis
707 1573 845 1646 (δαίμονις)
859 1593 936 1647 quarn
949 1593 983 1629 ex
994 1575 1098 1629 inverso
1108 1575 1199 1628 horum
1208 1574 1345 1629 verborum
1359 1575 1448 1628 ordine
1461 1575 1518 1628 solo
1531 1576 1631 1648 repetit,
1644 1595 1676 1628 ne
1686 1577 1861 1648 Empedocleo
1873 1583 1977 1653 quidem

412 1669 471 1722 stilo
485 1668 634 1722 satisfacere
647 1667 758 1722 videtur·
1478 1717 1483 1728 ,

483 1760 670 1830 Scaligerns
693 1777 738 1830 pro
752 1753 900 1828 μακραίωνες
912 1757 1000 1828 posuit
1012 1753 1168 1828 μακραίωνος,
1188 1775 1297 1829 eumque
1311 1755 1392 1809 secuti
1411 1765 1471 1808 suut
1488 1757 1668 1822 lloeschelius,
1684 1759 1767 1812 Stura.
1786 1759 1842 1824 slii;
1861 1773 1937 1828 recte,
1949 1775 1978 1817 ut

413 1866 478 1902 nuuc
492 1869 525 1903 ex
538 1850 608 1922 Orig.
622 1849 666 1904 rel.
681 1858 793 1921 apparet.
821 1848 981 1900 Vocabulum
993 1837 1143 1922 λελόγχασι
1157 1867 1234 1920 φιιιιιι
1248 1849 1321 1902 metri
1336 1865 1414 1899 causa
1426 1846 1486 1899 ferri
1500 1867 1550 1901 non
1563 1859 1660 1918 posset,
1674 1850 1789 1902 nonnulli
1802 1851 1838 1902 ita
1851 1852 1910 1905 loco
1923 1873 1977 1907 me-

413 1941 497 1994 delam
510 1941 656 2005 attulerunt,
674 1950 703 1993 ut
719 1939 797 1994 verba
815 1950 1025 2010 transponerent:
1044 1937 1112 2004 βίοιο
1130 1929 1280 2012 λιλὸγχαοι
1297 1935 1446 2008 μακραίωνος
1462 1937 1558 2005 (llurst.
1571 1939 1664 2011 Bergk.
1677 1940 1820 2008 Mullacb.).
1840 1943 1893 1995 Sed
1905 1963 1937 1996 ne
1950 1946 1977 1998 id

413 2033 516 2104 quidem
530 2033 683 2096 saturante,
702 2049 780 2102 quum
797 2031 880 2102 primu
899 2031 973 2084 vocis
994 2030 1086 2100 μαινροῧ
1099 2029 1201 2103 syllaba
1218 2030 1273 2084 fere
1290 2029 1385 2100 ubique
1403 2028 1435 2081 ab
1452 2029 1611 2100 Empedocle
1628 2031 1779 2103 corripiatur
1796 2030 1939 2098 (ettamen
1951 2056 1976 2089 v.

413 2125 465 2174 213
479 2117 555 2191 (illd)
569 2121 672 2193 δίνδροα
685 2112 766 2192 μακρᾶ
778 2132 803 2176 et
819 2117 869 2174 166
884 2120 971 2190 (203),
986 2140 1051 2193 quos
1064 2122 1137 2175 locon
1150 2121 1265 2194 neglexit
1277 2119 1491 2174 Schneidewinus
1503 2138 1528 2191 p.
1544 2119 1602 2174 163.

484 2217 557 2267 Nunc
575 2232 638 2267 uero
655 2233 686 2266 eo
705 2213 789 2266 miuus
808 2212 986 2284 refugiendum
1006 2222 1045 2265 est
1057 2212 1090 2264 ad
1104 2213 1340 2284 transpositionem,
1360 2211 1429 2282 quod
1447 2211 1528 2282 Orig.
1542 2211 1637 2265 relat
1650 2231 1696 2284 pro
1709 2203 1859 2288 λελὸγχασι
1873 2218 1978 2287 praebet

413 2294 555 2378 λιλᾶχασα.
586 2305 621 2358 Et
634 2305 683 2356 iarn
698 2314 773 2357 antea
785 2303 902 2356 nonnulli
916 2304 981 2356 illud
994 2291 1144 2376 λελὸγχαοι
1157 2303 1232 2356 metri
1246 2321 1323 2354 causa
1335 2312 1471 2365 mutarunt,
1483 2304 1631 2373 Scaliger
1642 2304 1686 2368 ita,
1697 2315 1727 2357 ut
1738 2296 1884 2380 λιλᾶχασι,
1898 2309 1977 2362 Hoe-

414 2396 507 2450 sobel.
521 2407 550 2449 nt
562 2385 698 2467 λολᾶχασι
711 2393 840 2448 scriberet.
872 2395 1021 2448 lloescbelii
1036 2395 1249 2456 emendationem,
1271 2393 1401 2446 assunto
1415 2403 1552 2464 receptam,
1584 2395 1880 2452 llesutat.cons1rmat.
1911 2403 1979 2471 Apte

414 2505 446 2541 ex
462 2487 596 2559 llesycbio
615 2486 737 2558 apposuit
752 2485 979 2539 Schneidewinus:
1005 2475 1192 2557 λιλαῖχασι·
1211 2477 1361 2557 reerigere,
1386 2483 1456 2536 illam
1475 2484 1588 2555 glossam
1608 2485 1642 2537 ad
1661 2497 1775 2540 nostrum
1794 2489 1879 2541 locum
1901 2492 1980 2564 perti-

415 2597 472 2632 nere
485 2578 629 2650 suspicans.
654 2576 811 2630 lllullachina
825 2575 886 2628 olim
899 2595 924 2648 p.
939 2579 954 2627 8
968 2577 1077 2629 formam
1090 2567 1227 2649 λιλᾶχασι
1239 2593 1356 2647 graecam
1369 2591 1427 2627 esse
1440 2585 1579 2645 negaverat
1591 2586 1696 2648 propter
1708 2579 1839 2631 metricam
1853 2581 1978 2635 rationem

415 2668 460 2735 (cl
473 2666 590 2741 ιῖληχα),
603 2668 650 2720 sed
663 2669 722 2721 talis
736 2667 847 2720 obiectio
861 2685 877 2719 a
890 2668 1011 2721 matrices
1026 2678 1079 2720 arte
1091 2677 1176 2720 sumta
1189 2665 1258 2738 apud
1271 2665 1456 2737 Empedoclem
1473 2684 1525 2718 non
1539 2668 1677 2738 estmagni
1690 2669 1816 2735 facienda,
1828 2674 1979 2742 praesertim

414 2761 436 2813 si
449 2771 560 2832 reputes,
573 2759 614 2811 bic
628 2777 673 2829 per
685 2757 880 2810 similitudinem
893 2777 943 2812 aor.
953 2761 984 2812 ll.
997 2758 1116 2831 λέλαχον
1129 2759 1251 2811 facillime
1261 2756 1441 2810 confusionem
1452 2757 1573 2828 explicari
1584 2777 1670 2829 posse.
1698 2760 1885 2816 Coniunctivns
1894 2775 1979 2818 autern

415 2870 491 2923 quem
504 2851 614 2904 tentavit
625 2849 744 2902 lllillerus
757 2841 921 2922 (λολᾶχινσι)
940 2849 998 2902 lerri
1010 2851 1107 2920 nequit,
1121 2859 1146 2902 et
1160 2861 1263 2921 propter
1276 2847 1490 2920 significationem
1504 2858 1530 2901 et
1542 2859 1646 2919 propter
1659 2861 1810 2905 structuram
1829 2855 1908 2907 totius
1919 2875 1979 2928 pro-

415 2941 559 3014 positionis.
591 2942 632 2993 De
651 2938 841 3006 δηθαίανος,
862 2939 939 3011 quod,
958 2957 1005 3012 pro
1019 2937 1168 3011 μακραίωνος
1179 2951 1283 3012 propter
1296 2947 1404 2991 metrum
1417 2957 1433 2990 a
1444 2939 1556 3010 Berglrio
1570 2941 1738 3010 propositum¹
1759 2944 1902 2998 Mullacbio
1916 2966 1980 3017 quo-

415 3051 464 3104 qne
477 3031 611 3097 arridebat,
623 3031 688 3084 nibil
700 3032 810 3103 amplius
823 3031 970 3084 dicendum.

487 3119 547 3178 dil.
568 3123 650 3194 Orig.
664 3140 686 3176 c.
701 3122 781 3177 Cels.
795 3122 848 3192 plu,
868 3123 937 3176 idem
950 3123 996 3176 Pe.
1011 3123 1060 3176 0r.
1074 3123 1182 3186 refut-3
1196 3152 1228 3162 -
1246 3122 1294 3174 us.
1309 3121 1357 3174 Or.
1375 3112 1512 3186 α’λᾶλησθι
1526 3130 1615 3192 aperto
1628 3139 1719 3186 errore,
1732 3124 1815 3196 pergit
1826 3117 1926 3187 sedeone
1938 3117 1979 3180 od:

415 3221 489 3284 pnes:
502 3204 759 3275 dissiluissent.
772 3217 799 3266 λ.
822 3213 904 3268 Plnt.
918 3214 1041 3285 ctOrig.
1060 3231 1081 3268 c.
1096 3214 1192 3267 Cela:
1212 3206 1373 3278 αἷλαλῆσθαι.

487 3307 547 3358 375.
567 3304 639 3376 Orig.
665 3303 828 3374 γινομένην
845 3301 965 3356 παντοίαν
982 3296 1331 3376 διαὶχρᾶνονίδέανθνητόν.
1359 3303 1426 3356 Plut.
1442 3301 1578 3374 peroptime.
1605 3302 1700 3357 Edita:
1718 3294 1854 3376 yetue'psueu
1874 3306 1980 3376 (llurst.)

416 3399 455 3450 vel
467 3395 592 3466 ytve'prseu
606 3394 731 3466 (Bergk).
753 3425 783 3436 -
800 3393 872 3466 μένην
884 3395 921 3448 illi
935 3413 1056 3466 perverse
1069 3396 1191 3460 scribunt,
1209 3395 1269 3466 quia
1284 3393 1447 3466 participium
1466 3393 1499 3446 ud
1516 3384 1601 3466 doxain
1617 3393 1735 3448 referunt.
1765 3397 1809 3450 us.
1824 3397 1905 3469 Orig.
1919 3407 1980 3466 φυο.

416 3487 636 3557 :circumsedeant
645 3505 707 3540 mox
716 3497 837 3557 sequatur
844 3477 1063 3554 perstitissem,
1077 3505 1188 3539 errorem
1198 3487 1225 3538 in
1234 3485 1279 3538 illo
1290 3502 1394 3537 numero
1408 3485 1499 3556 plurali
1513 3485 1599 3538 inesse
1611 3485 1693 3548 vides,
1707 3504 1767 3538 saue
1777 3486 1861 3540 verbis
1875 3507 1980 3559 praece-

416 3579 534 3632 dentibus
548 3587 646 3640 ortum;
659 3575 722 3629 dicit
734 3579 801 3630 euim
814 3568 914 3636 esdron:
927 3568 967 3628 obv
980 3586 1054 3646 φησιν
1068 3569 1220 3643 α’λᾶλησθαι
1232 3575 1275 3629 καὶ
1287 3575 1458 3646 despisant
1470 3581 1602 3628 παντοῖα
1614 3597 1635 3629 κ.
1647 3596 1668 3630 τ.
1681 3579 1708 3628 λ.
1735 3577 1847 3630 Steiuios
1860 3598 1913 3634 non
1926 3583 1980 3636 sine

415 3673 469 3723 iure
482 3670 594 3730 miretur,
607 3667 834 3722 Schneidewinnm
847 3668 981 3738 ψνομίνονς
995 3669 1137 3724 retinuisse.
1164 3670 1244 3738 Quod
1258 3670 1304 3722 riri
1318 3668 1389 3721 docti
1402 3667 1495 3722 deinde
1510 3669 1680 3731 coniecerunt,
1693 3685 1739 3738 pro
1752 3665 1982 3727 παντοίαν-ἰδίαν

414 3759 550 3834 legendum
561 3777 619 3811 esse
630 3765 735 3811 παντοῖα
745 3789 774 3800 -
786 3757 863 3825 εἴδεα,
878 3761 906 3814 id
918 3779 986 3812 nnnc
1000 3759 1095 3812 :llilleri
1108 3759 1174 3812 libro
1188 3759 1364 3823 confirmatur:
1376 3758 1454 3812 babet
1468 3759 1535 3811 enim
1547 3764 1649 3810 παντοῖα
1662 3750 1704 3809 tri
1716 3748 1810 3832 χρὸνον
1823 3756 1901 3812 sibae.
1929 3766 1981 3819 Mi.

415 3872 469 3906 rum
484 3861 569 3906 autem
584 3861 623 3904 est
642 3853 718 3904 etium
737 3851 763 3905 in
780 3852 829 3904 boc
846 3850 911 3904 libro
932 3844 975 3902 dul
991 3840 1110 3923 χρόνον
1128 3862 1237 3905 exstare.
1269 3852 1385 3904 Sinicius
1402 3871 1427 3922 p.
1441 3846 1502 3915 586,
1520 3868 1673 3922 quamquam
1686 3849 1751 3903 illud
1764 3841 1857 3924 χρᾶνον
1870 3855 1981 3922 retinuit,

416 3957 500 4000 umen
514 3942 636 3996 observat
653 3937 783 3995 'fortassis
796 3943 891 3995 rectius
905 3943 1002 4014 legatur
1016 3933 1058 3993 ent
1070 3930 1174 4015 χρονον,
1190 3961 1222 3996 ex
1235 3942 1322 4013 aliquo
1335 3943 1459 4014 temporis
1472 3935 1663 3994 intervallo’-
1678 3941 1812 3996 Librorum
1830 3937 1872 3996 tad
1888 3938 1982 4020 χρὸνον

416 4047 495 4090 esset:
510 4053 557 4106 pro
571 4035 692 4106 temporis
706 4034 813 4096 ratione,
826 4033 910 4086 minus
924 4043 992 4106 apte,
1006 4033 1125 4096 sednon,
1139 4043 1168 4088 ut
1180 4034 1316 4086 llarsteuio
1330 4033 1414 4086 risum
1429 4043 1476 4098 est,
1488 4032 1574 4103 inepte
1588 4030 1695 4084 dictum.
1729 4033 1782 4102 Qui
1799 4035 1821 4087 si
1839 4035 1927 4088 scribit
1940 4029 1983 4088 eut

416 4119 491 4202 χριᾶ1
503 4121 664 4179 ‘nascentem
678 4142 724 4194 per
736 4141 825 4176 omnes
840 4125 983 4177 mortalium
1003 4124 1098 4177 formas
1115 4125 1214 4177 iussum
1232 4119 1290 4187 est',
1309 4142 1399 4177 arere
1413 4124 1519 4176 aberrat
1548 4123 1703 4194 Exemplum
1717 4125 1785 4178 enim
1798 4127 1981 4182 eParmenidis

416 4237 439 4270 ιι.
453 4220 487 4276 95
508 4226 628 4278 scortum,
646 4215 745 4268 nullum
758 4223 805 4278 est,
824 4233 883 4266 nam
901 4215 958 4268 sola
975 4214 1123 4268 coniectura
1140 4215 1175 4268 ibi
1194 4217 1219 4268 in
1238 4214 1365 4285 Simplicii
1384 4210 1435 4267 ott
1447 4215 1469 4266 sl
1480 4212 1575 4287 χρόνος
1592 4209 1661 4266 teris·
1678 4215 1757 4269 latere
1770 4215 1912 4288 suspicatur
1925 4212 1982 4270 etet

416 4299 498 4380 χριιῖν
511 4307 586 4371 ἔστιν,
605 4315 631 4358 et
648 4305 681 4356 de
699 4305 873 4376 comparando
892 4323 922 4356 eo
937 4306 1065 4377 exemplo,
1084 4306 1153 4376 qnod
1171 4306 1275 4360 Bestius
1294 4306 1406 4372 (Comus.
1425 4305 1533 4377 palaegr.
1547 4324 1571 4376 p.
1586 4300 1650 4373 849)
1669 4305 1745 4358 affert
1758 4335 1789 4346 -
1803 4306 1856 4378 agit
1868 4307 1935 4360 euim
1949 4309 1981 4363 de

417 4397 543 4450 vocabulo
556 4387 667 4469 χρὸνοινς
686 4405 792 4466 propter
810 4395 1004 4450 similitudinem
1017 4395 1229 4466 compendiorum
1243 4415 1289 4468 pro
1302 4391 1395 4470 χριῖας
1411 4395 1498 4467 posito
1514 4427 1545 4437 -
1560 4396 1707 4450 huiusmodi
1721 4397 1756 4450 rei
1770 4397 1858 4448 raritas
1873 4397 1983 4456 debebat

418 4487 552 4542 deterrere.
585 4489 643 4540 linc
657 4485 759 4539 aceedit
771 4485 807 4550 id,
820 4487 897 4558 quod,
911 4497 940 4540 ut
952 4497 1020 4540 recte
1033 4486 1100 4540 vidit
1112 4487 1186 4542 Mull.
1198 4505 1223 4560 p.
1237 4493 1262 4544 9.
1281 4499 1336 4562 tota
1350 4497 1403 4540 tom
1416 4485 1533 4539 turbator
1545 4487 1680 4542 verborum
1699 4487 1864 4541 constructio.
1902 4489 1982 4564 idque

417 4580 475 4650 ipse
487 4578 635 4630 llarstenins
649 4578 739 4641 sensit,
752 4576 861 4631 addens:
884 4571 987 4649 'posset
1004 4595 1107 4650 qnoque
1124 4597 1171 4649 pro
1191 4579 1261 4651 χριιὸ
1280 4579 1329 4652 legi
1349 4576 1428 4652 χρίος
1447 4586 1472 4630 et
1484 4577 1563 4630 verba
1577 4577 1614 4630 sic
1626 4579 1749 4632 ordinari:
1773 4568 1904 4648 (tripertiti
1915 4581 1981 4650 Ιοτι)

419 4659 573 4734 affluebat
584 4687 625 4738 μιν
636 4687 698 4739 prpe.
712 4675 818 4720 παντοῖοι
830 4665 898 4720 eldaa
910 4668 1005 4734 θνητῶν
1019 4661 1061 4722 tui
1073 4667 1166 4741 χρίοον
1183 4663 1346 4724 ‘necessitate
1359 4669 1442 4723 varias
1461 4667 1609 4723 induentem
1626 4669 1770 4724 mortalium
1789 4667 1901 4727 formes.⁸
1930 4673 1983 4728 snt

419 4759 484 4814 illud
495 4757 574 4833 χρίοι
586 4757 670 4830 bigat,
682 4759 748 4814 nibil
760 4763 828 4813 enirn
841 4768 888 4823 est,
901 4760 950 4812 nisi
963 4759 1083 4830 repetitio
1097 4759 1212 4813 eiusdem
1225 4761 1348 4825 notionis,
1362 4777 1436 4832 quam
1450 4757 1502 4812 iam
1516 4750 1604 4830 α’νᾶγκη
1618 4771 1644 4815 et
1656 4750 1772 4832 ψήφισμα
1785 4763 1939 4834 exprimunt.

492 4845 552 4906 376.
571 4848 622 4904 ttie
633 4868 725 4906 versus
738 4861 779 4906 est
790 4849 858 4904 iuter
869 4866 953 4904 noros
965 4849 1089 4903 Milleri
1102 4850 1189 4922 ibique
1201 4849 1241 4902 bis
1254 4851 1356 4924 legitur:

894 4936 1018 5014 dpyelloc
1030 4931 1127 5006 βιίτοιο
1141 4932 1351 5012 petendorum
1361 4928 1505 5001 aetatem.

1758 5049 1781 5122 2
