4500 5666
1216 411 1265 486 <tn

1124 527 1355 556 mmm

462 677 567 742 locum
595 675 685 740 facile
711 673 785 738 ideo
816 669 1034 759 corrigendum
1062 693 1131 736 esse
1158 669 1345 751 iudicemus,
1374 673 1447 756 quia
1474 680 1527 736 aut
1550 674 1603 736 uni
1627 684 1680 737 aut
1709 672 1798 738 alteri
1820 675 2023 758 interpretum

463 790 606 874 opinioni
629 785 837 863 contradicat,
860 781 917 848 sed
948 794 982 849 ut
1009 786 1116 869 potius
1139 786 1360 848 sententiarum
1382 803 1496 850 nexum
1519 783 1725 869 exploremus,
1749 795 1780 850 et
1802 795 1866 850 tum
1891 783 2024 864 demum,

462 903 487 962 si
511 899 601 964 huius
624 919 720 964 nesus
741 895 882 982 postulet
904 897 993 975 ratio,
1016 893 1117 964 verba
1136 892 1304 960 audeamus
1328 897 1494 981 corrigere.

593 1009 656 1074 Alii
683 1029 760 1072 vero
788 1011 972 1092 interpretes
1001 1008 1101 1071 nostri
1129 1008 1278 1090 temporis
1305 1007 1337 1070 in
1366 1027 1404 1074 eo
1435 1005 1606 1071 noluerunt
1628 1009 1846 1092 acquiescere,
1875 1017 1911 1072 ut
1939 1007 2024 1093 apud

459 1120 683 1207 Empedoclem
705 1129 838 1184 mentem
861 1141 880 1183 a
902 1116 1046 1184 sensibus
1068 1116 1165 1187 modo
1188 1115 1373 1196 distinmam,
1391 1115 1488 1184 modo
1511 1139 1576 1184 non
1598 1117 1773 1186 distinctam
1790 1140 1859 1187 esse
1875 1117 2023 1196 dicerent,

460 1231 516 1298 sed
539 1243 652 1298 certam
676 1229 884 1296 diversitatem
900 1233 980 1296 inter
1000 1228 1069 1294 illas
1089 1226 1283 1313 percipiendi
1304 1231 1397 1304 vires,
1420 1233 1478 1294 etsi
1499 1250 1567 1295 non
1590 1229 1775 1309 absolutam,
1798 1241 1833 1294 ut
1854 1232 1898 1294 ita
1914 1229 2023 1312 dicam,

461 1343 501 1408 ab
523 1340 715 1428 Empedocle
744 1353 888 1407 statutam
917 1361 987 1434 esse
1016 1343 1120 1404 conati
1148 1350 1220 1404 sunt
1247 1337 1469 1408 demonstrare.
1520 1340 1649 1427 Duplici
1678 1352 1780 1407 autem
1808 1340 1916 1414 modo.
1961 1341 2024 1406 Alii

462 1458 551 1535 enim,
574 1459 654 1520 inter
676 1474 757 1539 quos
780 1455 941 1534 Rittcrus(
948 1451 986 1535 ¹),
1008 1451 1095 1516 Sexti
1116 1451 1203 1535 Emp.
1227 1450 1324 1516 verba
1347 1453 1413 1532 (τοῦ
1433 1447 1465 1517 di
1485 1450 1565 1536 ὀρθοῦ
1584 1450 1678 1539 λόγου
1697 1449 1743 1519 riv
1763 1447 1817 1537 μὲν
1839 1451 2024 1537 6111111111-

460 1593 534 1651 χειν,
552 1562 598 1633 τᾶν
620 1565 651 1631 δὲ
672 1561 850 1650 daupeinim)
871 1565 1082 1648 respicientes,
1105 1561 1309 1628 differentiam
1331 1567 1374 1628 ita
1396 1565 1606 1643 restituerunt,
1633 1575 1668 1628 ut
1691 1563 1769 1629 duas
1793 1563 1931 1628 diversas
1947 1586 2023 1650 pro-

459 1681 578 1742 vincias
602 1675 889 1764 cognoscendarum
912 1695 1016 1739 rerum
1039 1683 1224 1749 statuerent,
1251 1673 1368 1759 quihus
1398 1672 1536 1738 diversas
1566 1695 1698 1759 quoque
1721 1674 1933 1761 cognoscendi
1956 1679 2022 1740 vias

460 1812 497 1852 ac
519 1788 681 1853 facultates
704 1784 896 1873 respondere
912 1783 1122 1867 dicebant(²).
1160 1784 1253 1869 Quae
1269 1787 1380 1870 opinio
1396 1795 1515 1870 quanto
1533 1806 1630 1871 opere
1647 1785 1882 1851 commendetur
1897 1799 2023 1852 111111-

459 1900 553 1965 111111
577 1900 751 1986 fragmentis
775 1909 806 1962 et
834 1909 900 1962 tota
928 1895 1127 1983 Empedoclis
1155 1907 1281 1975 natura,
1318 1917 1401 1981 quoe
1428 1895 1610 1982 philosophi
1636 1907 1767 1963 naturae
1795 1918 1861 1963 non
1890 1902 2022 1984 propior

460 2034 552 2098 quam
573 2021 685 2096 poetae
708 2009 804 2076 fuisso
826 2007 957 2088 videtur,
978 2007 1011 2074 id
1034 2030 1099 2074 non
1122 2013 1251 2072 necesse
1274 2019 1322 2072 cst
1344 2008 1447 2074 multis
1473 2007 1686 2075 demonstrari.
1732 2008 1800 2076 Sed
1820 2013 1938 2095 optime
1961 2014 2021 2074 iam

457 2123 536 2189 vidit
558 2125 705 2200 Ritterus‚
733 2101 839 2205 neque
859 2123 948 2185 istam
972 2120 1200 2188 distinctionem
1224 2118 1265 2182 ab
1287 2118 1480 2206 Empedocle
1503 2123 1577 2185 satis
1606 2120 1760 2185 excultam
1789 2120 1840 2185 vel
1862 2119 2021 2188 definitam

458 2257 536 2300 esse.
560 2232 668 2313 (Unde
692 2231 772 2296 idern
797 2232 929 2319 explicat
951 2234 1020 2308 hoc,
1045 2229 1132 2317 quod
1155 2231 1208 2295 illa
1231 2251 1304 2317 pars
1328 2229 1489 2296 doctrinae
1505 2231 1736 2318 Empedocleae
1758 2252 1798 2297 ne
1822 2255 1839 2296 a
1862 2232 2022 2298 veteribus

459 2343 585 2432 quidem
607 2343 830 2430 interpretibus
852 2356 937 2409 recte
961 2347 1000 2408 sit
1022 2348 1208 2428 perspecta.)
1252 2343 1291 2406 Et
1313 2363 1396 2422 vere,
1420 2327 1538 2408 etiamsi
1566 2366 1636 2408 cum
1664 2345 1788 2409 Rittero
1817 2342 2021 2410 differentiam

455 2457 541 2522 illam
565 2453 718 2519 eiusmodi
742 2476 812 2519 esse
835 2466 1020 2534 statuamus,
1048 2453 1355 2537 tamencomplures
1383 2465 1501 2527 restant
1528 2453 1740 2521 difficultates.
1791 2454 1913 2541 Quaeri
1940 2461 2019 2522 enim

456 2578 570 2655 potest,
593 2578 628 2630 ut
650 2565 802 2630 nonnulla
826 2565 933 2630 saltem
957 2566 1093 2643 afferam,
1120 2585 1201 2650 quae
1224 2564 1346 2628 tandem
1369 2568 1449 2630 ratio
1473 2570 1593 2635 intersit
1615 2569 1695 2631 inter
1718 2564 1797 2631 illud
1824 2565 1963 2632 divinum
1991 2580 2022 2634 et

457 2683 606 2746 humanas
628 2677 680 2743 vel
703 2676 860 2744 naturales
883 2681 952 2742 res?
976 2674 1097 2756 deiude,
1124 2675 1214 2762 quod
1235 2674 1276 2740 ed
1303 2675 1477 2742 divinorum
1504 2682 1738 2764 perceptionem
1767 2681 1916 2764 pertinet,
1945 2678 2021 2764 quid

456 2795 506 2871 sit,
530 2788 617 2876 quod
640 2788 745 2856 divina
767 2809 832 2854 non
856 2792 913 2855 nisi
937 2786 1044 2852 divino
1073 2788 1181 2854 afflatu
1204 2791 1352 2873 cognosci
1375 2792 1517 2874 possint?
1544 2788 1608 2856 Sed
1631 2792 1794 2869 neminem,
1823 2793 1949 2875 opinor,
1976 2791 2021 2856 la-

457 2902 547 2983 tebit,
575 2901 652 2968 tales
676 2903 878 2990 quaestiones
902 2899 1081 2964 subtiliores
1105 2921 1187 2978 esse,
1217 2921 1310 2984 quam
1340 2921 1421 2984 quae
1449 2903 1481 2964 in
1510 2899 1711 2985 Empedoclis
1741 2911 1876 2967 mentem
1903 2904 2020 2982 venire,

457 3026 510 3080 aut
534 3018 560 3078 si
582 3017 755 3092 venissent,
784 3015 857 3076 satis
882 3021 1027 3077 accurate
1050 3010 1090 3075 ab
1114 3033 1153 3078 eo
1178 3009 1315 3098 expediri
1337 3014 1521 3096 potuissent.
1566 3011 1675 3098 Quare
1701 3016 1727 3076 si
1750 3011 1791 3076 ab
1814 3011 1921 3098 aliquo
1943 3014 2020 3080 loco

455 3129 698 3213 fragmentorum
722 3127 789 3188 eius
813 3126 922 3203 exorsi,
953 3123 1219 3188 conclusiunculis
1244 3120 1430 3206 quibusdam
1459 3121 1585 3188 efficere
1608 3122 1819 3201 studeremus,
1847 3124 1924 3209 quid
1952 3137 2021 3192 ten-

457 3239 527 3305 dem
551 3237 591 3302 de
614 3235 727 3304 talibus
751 3234 847 3301 rebus
870 3234 922 3300 ille
944 3238 1155 3322 praeceperit,
1184 3239 1216 3300 in
1239 3233 1374 3300 eundem
1396 3233 1604 3300 incideremus
1627 3256 1781 3315 errorem,
1810 3258 1901 3322 quem
1924 3259 2020 3323 supra

456 3355 489 3416 in
511 3350 579 3416 aliis
601 3347 865 3434 reprehendimus.
1847 3333 1849 3337 ’

535 3457 537 3464 ’
588 3462 729 3530 Fuerunt
752 3467 853 3524 autem
877 3456 937 3536 elii,
960 3461 1017 3542 qui
1032 3457 1243 3545 cognoscendi
1266 3458 1406 3545 gradus
1430 3458 1537 3525 saltem
1561 3458 1742 3524 diversos
1766 3458 1806 3523 ab
1825 3458 2020 3545 Empedocle

458 3577 550 3636 statui
573 3571 727 3650 dicerent,
755 3591 825 3636 nom
847 3580 917 3639 tuto
942 3591 1055 3656 genere
1077 3591 1225 3638 sensuum
1240 3573 1483 3657 perceptionem
1511 3569 1597 3656 apud
1620 3570 1707 3636 illum
1730 3570 1845 3636 distare
1870 3593 1887 3635 a
1910 3576 2020 3639 mentis

494 3821 536 3891 (¹)
573 3825 686 3878 1111111111
704 3827 731 3878 11
748 3826 832 3898 priore
851 3824 964 3878 editione
985 3823 1054 3878 libri:
1077 3825 1232 3880 Geschichto
1250 3826 1295 3879 der
1312 3825 1406 3897 philos.
1426 3843 1481 3879 eum
1499 3833 1602 3876 secutus
1622 3835 1676 3878 erat
1693 3827 1859 3889 sententiam,
1877 3826 2018 3881 secundum

458 3933 534 3988 quom
546 3915 619 3984 Emp.
633 3933 723 3968 sensus
741 3936 756 3970 1
773 3927 858 3970 mente
877 3933 980 3987 prorsus
999 3915 1144 3969 seiunxisse
1163 3916 1256 3970 dicitnr
1272 3936 1297 3988 p.
1310 3919 1372 3982 512,
1385 3918 1446 3971 537.
1477 3918 1506 3968 In
1520 3914 1701 3968 additamentis
1719 3935 1781 3970 vero
1795 3917 1869 3970 111111
1881 3917 1914 3970 (11
1932 3917 1979 3970 hac
1992 3935 2018 3972 11

456 4007 555 4060 indicat
572 4024 596 4076 p.
610 3997 652 4060 fd.
666 4001 707 4060 fl.
1945 3987 1948 3994 Δ

494 4098 536 4171 (²)
574 4103 612 4153 lta
627 4099 737 4152 1111111111
757 4101 834 4154 addit
849 4120 872 4173 p.
883 4095 929 4154 hu:
948 4095 1021 4153 ‘Wir
1033 4101 1114 4154 huben
1129 4104 1209 4155 sehon
1222 4101 1308 4155 friiher
1320 4101 1443 4167 hemerlrt,
1463 4099 1519 4160 dofs
1537 4101 1567 4153 E.
1580 4100 1753 4154 menschliche
1772 4103 1825 4155 und
1842 4102 2018 4172 8111111111-

457 4191 588 4248 kenntnifs
601 4188 771 4244 unterschied.
795 4191 886 4245 Wenn
901 4211 927 4244 er
940 4212 990 4245 nun
1003 4191 1062 4244 uber
1075 4193 1100 4245 in
1115 4193 1181 4245 allen
1196 4193 1287 4264 dingen
1302 4192 1344 4244 die
1357 4193 1504 4264 gegehwort
1517 4191 1562 4243 des
1575 4191 1724 4262 glittlichem
1738 4193 1779 4245 die
1792 4193 1889 4265 glieder
1902 4193 1948 4246 dos
1961 4205 2018 4267 got-

457 4298 496 4340 111
510 4286 595 4346 1111111,
609 4281 690 4334 1111111
701 4299 777 4332 wenn
791 4283 836 4333 ‹ler
850 4284 922 4336 streit
935 4287 961 4337 in
974 4283 1050 4337 ihnen
1063 4284 1174 4356 miiehtig
1187 4285 1229 4347 ist,
1243 4302 1272 4336 so
1286 4282 1380 4335 mufste
1394 4301 1421 4335 er
1433 4283 1525 4355 gowifs
1539 4282 1604 4335 auch
1618 4282 1676 4334 dom
1686 4284 1823 4337 menschen
1837 4284 1910 4337 einen
1922 4286 2016 4340 11111111

459 4396 489 4430 an
509 4369 593 4430 dieser
610 4372 749 4446 glittlichon
763 4372 920 4427 erlrenntnifs
934 4374 1078 4446 gewiihron.
1109 4375 1188 4428 Dieso
1201 4385 1283 4428 setrte
1297 4392 1323 4427 er
1341 4373 1407 4428 auch
1420 4375 1586 4428 entsehieden
1600 4372 1644 4426 der
1657 4374 1801 4428 siunlichen
1818 4374 1948 4430 kenntnifs
1962 4386 2017 4430 ent-

457 4485 545 4540 gegen,
560 4467 626 4520 donn
640 4464 696 4518 dem
710 4461 850 4535 gtittlichen
860 4465 946 4518 kiinne
958 4483 1015 4520 man
1029 4464 1084 4518 sich
1097 4465 1168 4520 nicht
1181 4466 1284 4530 niihern,
1294 4465 1383 4518 wodor
1396 4466 1442 4519 mit
1454 4465 1512 4518 dem
1526 4482 1598 4535 auge,
1607 4465 1674 4519 noch
1688 4465 1734 4518 mit
1746 4465 1910 4519 demhiinden
1924 4487 1952 4522 es
1964 4467 2016 4520 fes-

458 4579 511 4623 sen,
530 4557 647 4612 walchen
667 4555 758 4608 sinnen
774 4554 818 4607 die
831 4556 970 4610 menschen
984 4576 1024 4614 arn
1037 4557 1146 4612 meisten
1159 4576 1191 4610 nn
1205 4566 1339 4613 vertreuen
1353 4557 1470 4628 pllegten.
1506 4554 1594 4610 Duher
1606 4555 1723 4626 vorlnngt
1736 4574 1762 4608 er
1779 4556 1853 4621 auch,
1869 4576 1927 4610 man
1941 4557 2016 4612 sollte

458 4649 508 4702 don
526 4659 606 4722 gott,
625 4648 677 4700 die
696 4644 823 4711 11111111)
840 4646 876 4698 im
889 4646 970 4717 geiste
984 4648 1104 4711 schanan,
1123 4647 1189 4701 deun
1203 4649 1250 4700 mit
1269 4665 1349 4718 angen
1369 4645 1834 4711 1111111111111111111111111111111111,
1852 4647 1976 4702 wodurch
1990 4666 2017 4701 er

456 4741 528 4794 wohl
540 4740 624 4794 nichts
638 4739 745 4793 anderes
759 4737 992 4801 audourmwottu,
1006 4739 1044 4792 uls
1054 4738 1110 4792 deis
1123 4738 1161 4792 sie
1170 4739 1249 4793 durch
1262 4737 1439 4792 unmittelhore
1452 4737 1642 4810 gegouwart(?)
1655 4735 1793 4808 aufgefufst
1803 4738 1907 4792 werden
1919 4742 2015 4792 miisse.

457 4831 586 4884 Hiemach
603 4832 666 4902 liegt
683 4831 709 4882 in
727 4830 772 4884 der
789 4829 844 4882 thot
861 4828 903 4882 ein
920 4840 1034 4901 strenger
1051 4838 1187 4902 gegensatz
1206 4829 1337 4884 zwischen
1360 4830 1404 4884 der
1422 4827 1565 4884 sinuliehen
1583 4827 1636 4882 und
1655 4827 1797 4898 gualicheri
1815 4827 1973 4884 erkenutnils
1990 4830 2016 4883 in

457 4921 516 4973 dem
529 4931 627 4993 system
641 4920 686 4973 des
699 4913 885 4994 Empedocles'.
