4500 5666
1207 410 1335 486 30'

451 663 535 764 gens,
558 673 737 762 symbolum
760 693 828 736 eam
851 681 946 756 atque
968 671 1128 756 imaginem
1149 672 1225 736 iecit
1251 671 1382 756 perfecti
1410 671 1498 736 entis.
1540 671 1575 736 Si
1604 675 1698 758 igitur
1727 670 1760 740 τά
1784 665 1814 740 ’έν
1843 671 2011 759 appellavit

452 788 514 856 οὐδ’
527 782 724 862 ἀτνλεύτητον,
753 787 834 848 inter
856 793 961 848 certos
985 785 1075 866 spatii
1098 781 1178 846 fines
1200 781 1303 848 noluit
1324 782 1357 847 id
1380 781 1557 858 includere,
1588 782 1643 848 sed
1667 788 1759 850 vacui
1785 789 1947 851 notionem
1970 783 2011 850 ab

451 921 491 965 eo
513 898 615 963 voluit
637 916 815 973 removere,
843 915 883 958 ne
905 893 1122 978 imperfectum
1145 892 1300 958 evaderet.
1346 895 1391 960 Ut
1414 904 1517 958 autem
1539 893 1665 982 τφκίρητ
1687 894 1887 960 similitudine
1908 905 2012 962 utere-

451 1021 512 1089 tur,
534 1007 656 1094 impulit
678 1029 750 1072 eum
772 1009 840 1070 siue
861 1003 962 1071 dubio
986 1008 1077 1068 etiam
1100 1007 1241 1091 priorum
1263 1007 1448 1091 sapientium
1473 995 1669 1070 consuetudo
1693 1010 1767 1070 satis
1788 1018 1865 1070 nota
1882 1007 1940 1089 (¹).

583 1121 694 1184 Restat
717 1117 868 1202 denique,
890 1126 926 1179 nt
949 1115 989 1180 de
1012 1114 1228 1180 emendatione
1251 1115 1402 1200 quadarn,
1429 1118 1638 1182 aKarstenio
1661 1121 1837 1203 proposita,
1859 1117 2013 1186 nonnulla

452 1230 616 1318 disputem.
661 1232 801 1294 Versum
823 1232 903 1294 enim
927 1228 967 1298 87
993 1225 1096 1291 adbuc
1119 1229 1164 1290 sic
1186 1230 1347 1312 scriptun:

854 1337 962 1404 οὕνεκεν
983 1338 1050 1404 οὐκ
1070 1335 1312 1415 ἀτελεύτητον
1332 1335 1366 1405 cd
1384 1330 1427 1405 ε’ἀν
1447 1335 1527 1424 θύμος
1546 1335 1616 1408 elram

451 1458 493 1519 ita
516 1451 718 1520 scribendum
741 1461 863 1517 censet:

452 1564 560 1634 οὕνεκεν
594 1561 675 1632 otti
702 1560 916 1635 τελεύτητον
946 1555 980 1626 ad
1001 1556 1042 1626 ε’ἀν
1063 1558 1144 1648 θέμις
1162 1558 1231 1629 εἶναι
1254 1572 1285 1627 et
1306 1559 1585 1646 interpretandum:
1615 1564 1764 1647 quoniam
1792 1562 1916 1628 finitum
1942 1582 2012 1629 esse

452 1700 506 1744 ens
528 1699 595 1742 non
617 1677 699 1742 licet.
742 1672 842 1738 Vides
864 1675 924 1736 iam
946 1672 1104 1738 Karstenii
1132 1675 1316 1758 scripturam
1343 1675 1526 1737 sententiam
1554 1671 1699 1738 exhibere
1727 1694 1857 1760 prorsus
1888 1685 2011 1740 contra-

449 1793 526 1856 riam
549 1793 587 1869 ei,
610 1809 692 1874 quae
712 1785 839 1870 vulgata
859 1806 969 1848 versus
993 1783 1093 1848 forma
1116 1787 1305 1870 exprimitur.
1343 1781 1450 1868 Quum
1472 1804 1548 1849 vcro
1571 1783 1643 1848 libri
1666 1807 1773 1850 omnes
1795 1796 1921 1852 teneant
1942 1785 2012 1852 vul·

450 1913 549 1990 gatam
573 1903 771 1985 scripturam,
793 1917 897 1980 neque
922 1898 1088 1981 quisquam
1109 1905 1249 1962 veterum
1272 1898 1474 1980 interpretum
1501 1898 1533 1960 in
1556 1917 1593 1960 ea
1615 1895 1846 1982 interpretanda
1870 1896 2012 1963 ollenda·

449 2024 510 2093 tur,
533 2033 608 2077 sanc
630 2009 813 2074 Karstenius
834 2029 926 2091 quam
955 2009 1135 2092 gravissima
1159 2005 1296 2072 debebat
1318 2016 1498 2093 argumenta
1522 2006 1649 2086 afferre,
1671 2018 1706 2073 ut
1729 2007 1822 2072 nobis
1844 2007 1884 2073 de
1908 2030 2012 2076 emen-

451 2124 585 2190 dationis
609 2142 684 2185 suae
706 2121 891 2183 necessitate
913 2117 1124 2203 persuaderet.
1169 2117 1255 2203 Quid
1280 2127 1327 2184 est
1348 2121 1450 2204 igitur,
1474 2117 1562 2203 quod
1585 2117 1626 2182 ad
1649 2141 1717 2182 eam
1739 2105 2012 2186 demonstrandam

449 2237 618 2324 proponit?
660 2228 774 2295 Studet
796 2233 929 2314 primum
953 2233 994 2316 (p.
1015 2235 1091 2312 100)
1120 2227 1269 2294 vocabuli
1297 2225 1485 2303 ἀτελεύτητον
1508 2227 1764 2316 significationem
1796 2233 1843 2296 sic
1870 2230 2012 2312 definire,

450 2357 486 2411 nt
516 2342 555 2408 ad
586 2341 683 2406 solnm
712 2344 863 2427 temporis
892 2344 1053 2408 notionem
1082 2339 1295 2418 referendum,
1316 2344 1426 2426 itaque
1456 2362 1579 2428 semper
1602 2339 1760 2407 vocabulo
1783 2353 1949 2411 aeterno
1972 2348 2013 2410 sit

449 2453 674 2540 explicandum.
712 2453 814 2539 Quod
835 2456 862 2518 si
882 2474 993 2518 verum
1016 2463 1106 2532 esset,
1129 2475 1203 2520 sane
1225 2453 1362 2539 vulgaris
1384 2455 1538 2538 scriptura
1559 2455 1671 2518 vitiosa
1694 2466 1789 2530 esaet;
1812 2455 2012 2523 Parmenides

449 2570 529 2633 enim
553 2587 651 2652 quum
675 2587 730 2629 ens
752 2563 890 2650 appellet
912 2562 1057 2649 ἀγένητον,
1079 2561 1242 2650 ἀνώλεθρον,
1265 2562 1428 2643 ἀτέλεστον,
1456 2567 1549 2649 eique
1577 2565 1764 2648 temporales
1787 2565 1868 2630 fines
1893 2567 2011 2634 alienos

448 2689 547 2767 putet,
568 2697 767 2763 nequaquam
790 2685 896 2762 potest
918 2675 1009 2739 simul
1031 2675 1109 2741 illud
1134 2699 1187 2740 ens
1210 2696 1288 2740 non
1310 2687 1520 2755 aeternum,
1543 2668 1627 2756 (nam
1642 2676 1703 2742 boc
1718 2687 1800 2742 esset
1820 2681 1874 2744 οὐκ
1888 2678 2013 2746 ἀτελεύ-

448 2795 545 2874 τητον)
567 2799 713 2854 statuere.
764 2785 830 2852 Sed
852 2784 1015 2870 quomodo
1039 2787 1123 2852 illam
1146 2791 1310 2852 arctiorem
1338 2786 1428 2852 verbi
1458 2784 1648 2863 ἀτελεύτητον
1677 2797 1864 2874 potestatem
1895 2788 2012 2876 probat

449 2904 652 2968 Karstenius?
705 2900 750 2964 Ex
782 2897 898 2964 Ocello
929 2899 1058 2962 Lucano
1090 2897 1238 2966 exscribit
1264 2898 1369 2966 locum
1389 2876 1496 2964 *bunut
1527 2891 1659 2985 ἀνορχον
1688 2893 1739 2966 ael
1770 2898 1959 2975 ἀτελεύτητον
1980 2895 2013 2969 τά

448 3119 570 3209 κύπειρον,
591 3125 661 3190 ἀλλ’
676 3121 741 3207 ἔχει
752 3120 843 3200 τέλος,
868 3117 998 3208 φανερύν.
1036 3122 1082 3186 Ex
1104 3122 1152 3187 bis
1174 3120 1300 3188 duobus
1323 3121 1411 3201 lociS,
1434 3121 1490 3190 ubi
1511 3122 1643 3186 verbum
1661 3124 1848 3197 ἀτελεύτητον
1863 3135 2013 3210 tanquam

449 3257 664 3326 synonymum
687 3257 757 3298 cum
780 3231 885 3297 verbis
915 3225 1046 3318 ἀνορχον
1074 3244 1105 3297 et
1132 3225 1245 3314 ἀτειρον
1268 3237 1478 3320 coniungitur,
1508 3235 1694 3300 Karstenius
1722 3238 1868 3301 evincere
1897 3235 2012 3316 studet,

448 3349 528 3415 illud
550 3346 741 3412 vocabulum
770 3341 959 3419 ἀτελεύτητον
982 3348 1162 3423 arctiorem,
1187 3365 1279 3429 quam
1303 3345 1432 3412 alterum
1457 3337 1579 3427 ἀτειροο,
1595 3345 1718 3412 tabee
1740 3357 1942 3433 potestatem,
1966 3359 2011 3414 at·

449 3483 512 3546 que
534 3459 575 3524 ad
598 3459 700 3523 solum
724 3467 845 3541 tempus
869 3459 1033 3541 pertinere.
1066 3455 1165 3541 Quod
1188 3457 1350 3540 quomodo
1375 3457 1494 3522 axillis
1518 3456 1598 3521 locis
1621 3457 1705 3522 cilici
1721 3468 1838 3544 posset,
1861 3462 2011 3544 quoniam

448 3570 628 3657 intellegere
657 3568 797 3634 nondum
827 3571 934 3653 potui,
965 3567 1018 3632 illa
1046 3570 1204 3632 Karstenii
1239 3573 1464 3656 argumentatio
1496 3569 1568 3634 mihi
1599 3591 1731 3654 prorsus
1761 3570 1847 3635 nulla
1878 3570 2011 3638 videtur.

449 3681 549 3766 Quod
570 3693 672 3746 autem
696 3679 737 3745 ad
759 3700 863 3743 veram
885 3677 1035 3744 vocabuli
1057 3678 1245 3755 ἀτελεύτητον
1261 3681 1518 3768 significationem
1540 3685 1656 3759 attinet,
1680 3691 1803 3746 constat
1818 3703 1903 3763 sane,
1925 3681 2012 3768 apud

448 3794 620 3858 Homerum
642 3792 675 3856 id
698 3813 821 3878 semper
843 3791 1033 3876 significare:
1066 3791 1153 3876 quod
1176 3813 1242 3859 raon
1265 3791 1409 3871 efficitur,
1434 3802 1487 3856 aut
1518 3791 1601 3856 elfici
1624 3797 1743 3878 nequit,
1773 3793 1860 3859 velut
1883 3796 1919 3860 A.
1938 3795 2010 3872 527,

447 3914 476 3972 A
493 3904 571 3978 1753
600 3903 739 3968 similiter
761 3901 840 3968 illud
863 3901 1052 3969 vocabulum
1076 3926 1094 3968 a
1114 3903 1276 3988 Sophocle
1300 3916 1483 3989 usurpatum
1505 3902 1594 3970 vides
1618 3903 1702 3969 Oed.
1726 3906 1803 3991 Tyr.
1826 3907 1899 3971 336.
1938 3905 2010 3972 ἀλλ’

447 4013 499 4084 dd'
515 4011 656 4100 οἷτογκτος
674 4010 882 4090 κάτελούτητος
900 4019 999 4101 φρονῶ
1023 4013 1077 4079 ubi
1094 4015 1261 4080 scholiasta
1278 4015 1421 4101 explicat:
1445 4013 1629 4104 ἀυτοξίωτος,
1652 4012 1906 4100 ἀνττάράκλητος,
1925 4015 2010 4101 ἀρκύ-

446 4143 546 4213 arxes,
571 4124 750 4189 Eustatblus
773 4148 865 4190 vero:
895 4124 940 4192 τάν
961 4122 1159 4210 piscatoria
1183 4124 1332 4214 ἒτάγοντοο
1354 4132 1411 4196 τοῖς
1433 4127 1613 4214 ζητουμένοις
1633 4123 1722 4200 ὃηλνῒ
1738 4156 1765 4193 κ.
1778 4155 1804 4194 τ.
1815 4141 1846 4195 λ.
1890 4128 2011 4194 Neuter

345 4301 353 4308 .
447 4262 524 4308 vero
548 4237 589 4303 de
612 4234 736 4300 infinito
761 4247 902 4322 tempore
926 4240 1073 4324 cogitavit
1094 4260 1152 4302 nec
1176 4243 1313 4326 cogitare
1336 4237 1454 4302 debuit.
1500 4239 1586 4302 Raro
1616 4249 1733 4304 tantum
1761 4238 1813 4304 illa
1841 4261 1900 4303 vox
1924 4239 2010 4326 apud

447 4365 569 4420 veteres
592 4351 761 4434 scriptores
785 4369 852 4412 eam
877 4353 1017 4434 exprimit
1038 4352 1215 4429 notionem,
1244 4372 1336 4444 quam
1360 4349 1460 4414 solam
1484 4354 1512 4414 ei
1540 4347 1767 4416 attribuendam
1792 4373 1860 4416 esse
1882 4352 2010 4418 Karste-

484 4627 526 4698 (¹)
564 4631 631 4680 Nam
644 4625 842 4680 similitudinem
851 4633 950 4678 tantum
963 4625 1070 4698 exprimi
1083 4625 1129 4678 illa
1140 4626 1248 4700 globosa
1265 4625 1355 4692 forma,
1374 4626 1425 4680 iam
1444 4645 1477 4680 ex
1494 4626 1558 4698 ipsis
1580 4627 1665 4682 verbis
1685 4627 1861 4682 Parmenidcis
1882 4629 2008 4694 videmus,

448 4720 511 4774 dicit
524 4720 604 4774 euim:

832 4796 956 4858 uurrc'Sar
971 4798 1087 4860 εὐκύκλου
1100 4802 1207 4880 σφαίρης
1226 4804 1406 4880 ἐναλίγκιον
1426 4798 1501 4878 ἀγκνρ
1519 4827 1539 4861 κ
1551 4827 1575 4859 τ.
1589 4810 1616 4860 λ.
