4500 5666
1193 394 1241 468 90

1104 509 1336 538 mmmm

439 658 601 744 Quantum
622 676 700 722 vero
724 652 820 734 absit,
849 661 885 718 nt
907 651 1118 739 Theophrasti
1147 654 1255 740 opinio
1284 675 1320 718 er
1347 651 1402 718 tali
1431 650 1576 718 doctrina
1602 655 1705 739 possit
1732 653 1852 742 colligi,
1879 657 1939 720 iam
1968 677 2004 720 ex

438 768 616 835 Aristotelis
638 765 742 832 verbis
771 767 921 852 cognosci
947 772 1068 851 potest,
1098 766 1154 849 qui
1181 762 1236 844 (de
1259 766 1361 830 anima
1382 764 1406 842 1,
1428 769 1457 830 2.
1480 765 1524 849 7.)
1554 764 1738 831 simillimam
1767 768 2005 832 sententiamin

438 881 578 946 Platonis
602 879 731 944 Timaeo
760 888 879 944 exstare
906 884 992 941 recte
1013 874 1100 940 vidit.
1145 875 1225 940 Nam
1248 873 1339 941 Plato
1363 873 1490 961 quidem
1513 897 1532 940 a
1553 879 1685 956 nemine,
1709 880 1834 964 opinor,
1860 880 1888 942 is
1909 875 2006 943 habe-

438 992 532 1070 bitur,
555 992 610 1076 qui
633 989 842 1056 diversitatem
863 992 945 1053 iuter
967 1008 1078 1052 sensus
1101 998 1133 1050 et
1154 989 1306 1052 rationem
1329 985 1520 1073 neglexerit(
1526 987 1563 1070 ¹).
1609 986 1719 1072 Quare
1740 987 1820 1053 illud
1843 989 2005 1075 placitum:

439 1095 636 1189 γινώσκεσθαι
650 1101 693 1190 τῷ
713 1097 802 1188 ὁμοίῳ
823 1094 858 1168 ri
880 1099 986 1187 ipsun,
1008 1121 1067 1185 per
1089 1118 1124 1162 se
1146 1118 1212 1163 uon
1235 1097 1354 1163 sufficit
1376 1097 1417 1162 ad
1439 1096 1487 1178 id,
1514 1096 1604 1185 quod
1630 1099 1868 1186 Theophrastus
1896 1101 2007 1180 voluit,

440 1207 725 1280 demonstrandum.
770 1214 889 1278 Tamen
918 1209 951 1276 id
974 1207 1221 1289 concedendum,
1250 1207 1329 1274 illud
1351 1208 1499 1295 placitum
1522 1208 1607 1296 apud
1629 1209 1852 1298 Empedoclem
1875 1222 2008 1300 propter

439 1324 629 1412 peculiarem
652 1327 720 1390 eins
743 1322 783 1390 de
806 1323 965 1389 elementis
989 1320 1162 1386 doctrinam
1175 1320 1376 1408 peculiarem
1400 1341 1531 1406 quoque
1552 1319 1669 1386 habere
1690 1324 1762 1388 vim.
1800 1323 1905 1409 Quam
1929 1321 2008 1389 doc-

440 1439 551 1501 trinam
575 1438 759 1521 ceteroquin
781 1436 856 1499 satis
878 1443 983 1497 notem
1006 1435 1033 1496 si
1052 1436 1229 1498 accuratius
1251 1432 1471 1520 perpenderis,
1494 1453 1569 1498 sane
1590 1432 1760 1521 intelleges,
1782 1433 2007 1522 Empedoclem

440 1552 468 1613 si
490 1545 550 1612 sibi
573 1558 802 1613 consentaneus
826 1565 895 1609 esse
917 1542 1084 1625 voluisset,
1108 1541 1149 1609 de
1171 1549 1271 1608 anima
1295 1542 1399 1629 deque
1422 1547 1490 1610 eius
1511 1544 1659 1610 laenitate
1682 1548 1732 1610 vix
1753 1545 1843 1612 aliter
1865 1550 2008 1633 potuisse

442 1661 639 1745 praecipere,
671 1670 765 1744 atquc
795 1654 1032 1741 Theophrastus
1063 1665 1095 1721 et
1124 1655 1310 1721 Aristoteles
1342 1677 1414 1720 eum
1443 1659 1643 1743 praecepisse
1672 1655 1829 1728 tradunt.¹
1856 1659 2009 1724 Errarunt

440 1793 519 1836 vero
542 1774 573 1835 in
597 1767 761 1834 laudandis
782 1766 873 1846 locis,
897 1787 914 1830 a
937 1765 1053 1852 quihus
1075 1788 1141 1831 rem
1164 1789 1252 1832 suam
1274 1764 1533 1833 demonstrarent.
1578 1767 1643 1834 Sed
1665 1790 1708 1834 na
1728 1768 1802 1836 iude
1826 1768 2007 1849 concludas,

440 1882 513 1948 illos
535 1903 602 1947 non
624 1883 766 1968 potuisse
786 1879 927 1944 invenire
949 1881 1085 1963 aptiores
1107 1877 1216 1958 locos,
1242 1900 1339 1944 unum
1368 1879 1477 1945 saltem
1505 1880 1709 1968 fragmentum
1737 1904 1755 1946 a
1784 1882 1880 1948 Sexto
1903 1883 2008 1967 Empi-

442 1998 510 2060 rico
533 2003 689 2060 servatum
713 2011 869 2078 apponam
891 2013 921 2056 v.
938 1991 998 2054 231
1025 1991 1142 2071 (Karst.
1158 1992 1294 2073 v.313):

794 2098 894 2168 πάντα,
915 2094 974 2190 peip
995 2097 1049 2168 leta
1069 2093 1203 2189 φρᾶνησιν
1226 2099 1304 2186 ἔχειν
1325 2097 1377 2169 uel
1397 2101 1530 2188 νώματος
1554 2100 1642 2170 ulcus

398 2261 405 2278 .
444 2228 539 2304 atque
560 2217 639 2280 haec
660 2213 758 2280 verba
780 2235 910 2301 prorsus
934 2211 1089 2300 quadrant
1116 2215 1150 2276 in
1172 2212 1311 2280 eiusdem
1335 2213 1375 2280 de
1398 2213 1625 2280 elementorum
1652 2217 1800 2281 mixtione
1827 2214 2009 2282 doctrinam.

336 2409 340 2422 ⁹
444 2328 541 2397 Certe
562 2324 772 2411 Empedocles
794 2324 941 2391 omnibus
964 2334 1094 2390 naturae
1115 2323 1221 2404 rebus,
1251 2328 1341 2418 etiam
1365 2347 1447 2412 quae
1469 2324 1565 2411 vulgo
1587 2329 1742 2393 inanimae
1763 2339 1926 2408 vocantur,
1948 2329 2011 2394 hoc

443 2439 517 2504 loco
541 2460 667 2504 sensum
690 2435 846 2522 quendam
869 2448 965 2522 etque
988 2439 1119 2502 animam
1143 2435 1267 2516 tribuit,
1295 2459 1401 2523 neque
1429 2441 1537 2524 negari
1558 2437 1679 2524 potest,
1709 2442 1746 2503 vi
1769 2438 1904 2525 quadam
1926 2438 2010 2506 illam

444 2571 640 2616 communem
664 2552 801 2614 omnium
826 2546 1038 2634 cognoscendi
1060 2545 1237 2613 facultatem
1260 2547 1311 2612 hic
1332 2551 1544 2635 pronuntiari;
1573 2561 1605 2615 et
1632 2554 1803 2616 rectissime
1823 2551 2011 2616 Panzerbie-

444 2675 531 2728 torus
554 2647 783 2740 animadvertit,
812 2658 1003 2723 vocabulum
1031 2654 1131 2726 cdere
1158 2663 1218 2724 isto
1247 2680 1341 2724 versu
1371 2663 1462 2726 etiam
1488 2659 1562 2727 inde
1591 2661 1711 2748 aliquid
1739 2661 1857 2729 ducere
1880 2667 2011 2750 gravita-

446 2779 493 2854 tis,
517 2771 605 2859 qnod
627 2775 760 2859 primum
784 2768 925 2836 obtineat
947 2793 1058 2836 versus
1080 2770 1196 2836 locum.

578 2885 643 2949 lam
665 2881 763 2962 vides,
787 2892 936 2968 quantum
959 2886 991 2947 in
1008 2904 1149 2978 errorem
1168 2880 1315 2963 incidant,
1338 2886 1393 2969 qui
1416 2883 1457 2950 ab
1479 2883 1587 2969 aliquo
1607 2883 1682 2950 loco
1697 2883 1913 2973 Empedocleo
1935 2907 2011 2973 pro·

447 2998 624 3062 liciscentes
654 3017 706 3060 aas
734 3015 866 3080 quoque
893 2994 1130 3080 qualescunque
1159 2999 1187 3060 ei
1215 2993 1385 3060 attribuant
1411 3000 1594 3077 sententias,
1622 3017 1704 3082 qnae
1730 2996 1804 3063 inde
1832 3000 2011 3063 necessario

447 3109 612 3174 videantur
635 3105 792 3172 concludi.
829 3104 867 3170 ld
888 3105 978 3192 quod
1000 3109 1033 3170 in
1055 3109 1233 3170 universum
1257 3111 1429 3193 exspectari
1451 3107 1554 3188 debet,
1577 3111 1749 3195 praecipue
1771 3112 1797 3174 si
1820 3107 2012 3189 consideres,

447 3218 670 3307 Empedoclem
699 3218 840 3283 voluisse
869 3221 901 3283 in
928 3239 1024 3284 unum
1055 3221 1259 3304 coniungere,
1288 3237 1498 3304 quaecunque
1520 3241 1538 3284 a
1560 3219 1721 3305 prioribus
1743 3220 1938 3308 sapientibus
1962 3241 2012 3288 ex-

386 3331 387 3337 '
449 3338 581 3421 cogitata
604 3341 717 3408 essent,
741 3327 780 3394 de
804 3349 866 3413 qua
889 3350 924 3394 re
946 3327 1019 3393 vide
1040 3329 1166 3416 Berglrii
1190 3351 1299 3394 comm.
1322 3352 1353 3414 p.
1370 3331 1390 3394 6
1406 3351 1453 3415 sq.

579 3442 644 3508 Sed
667 3445 759 3506 etiam
781 3438 926 3526 pluribus
949 3440 1095 3528 exemplis
1119 3439 1249 3526 probari
1270 3451 1385 3528 potest,
1407 3440 1632 3527 Empedoclem
1655 3461 1749 3528 saepe
1771 3447 1930 3510 nonsatis
1952 3443 2014 3509 sibi

450 3559 670 3622 convenienter
692 3552 733 3618 de
757 3573 819 3616 una
843 3549 1016 3637 eademque
1037 3575 1072 3618 re
1096 3551 1252 3617 docuisse.
1297 3552 1378 3618 Nam
1402 3563 1438 3618 nt
1461 3575 1498 3618 ex
1520 3575 1557 3618 ea
1580 3553 1742 3620 doctrinae
1769 3566 1871 3641 parta,
1894 3559 1927 3620 in
1951 3578 2014 3642 qua

400 3671 402 3675 ’
450 3671 549 3732 omnis
572 3677 620 3730 est
641 3677 750 3732 nostra
773 3663 959 3750 disputatio,
990 3664 1128 3751 exempla
1151 3663 1324 3751 proferam,
1347 3662 1424 3749 quid
1447 3674 1508 3744 est,
1537 3663 1626 3751 qnod
1649 3687 1743 3731 versu
1766 3669 1806 3732 81
1832 3670 1912 3750 (tos
1935 3668 2015 3732 Kar·
2125 3711 2127 3714 -

450 3785 534 3862 sten)
556 3775 654 3842 dicat:
768 3844 773 3852 ,

699 3861 748 3939 τὴν
769 3864 850 3947 (scil.
871 3859 1033 3953 φιλέτητα)
1056 3858 1094 3932 ml
1113 3863 1166 3954 νόῳ
1188 3860 1294 3952 ds'pusv,
1315 3859 1389 3950 pli
1401 3855 1536 3951 ἷμμωσιν
1556 3860 1609 3942 icc
1631 3863 1765 3946 τεθηπώς,

451 4000 545 4067 quem
559 3997 683 4041 versum
705 3989 790 4043 recte
812 3988 953 4042 vertunt:
976 3976 1058 4042 illam
1074 3988 1109 4042 tu
1132 3980 1257 4042 animo
1281 3999 1384 4059 cerne,
1406 3998 1466 4042 nec
1490 3977 1619 4044 oculis
1643 3976 1802 4044 alucinens
1819 3977 1903 4044 sede.
1933 3980 2013 4043 Kar-

450 4094 568 4158 stenins
591 4097 753 4175 praeterea
775 4093 905 4176 apponit
926 4089 1129 4176 fragmentum
1144 4087 1383 4155 Parmenideum
1406 4092 1450 4171 (v.
1467 4087 1532 4172 49),
1555 4089 1611 4155 ubi
1634 4087 1742 4170 daile,
1768 4093 1823 4176 qui
1844 4110 1920 4155 vera
1943 4112 2014 4156 eum

451 4198 672 4292 apparentibus
694 4198 791 4264 rebus
815 4200 1016 4279 conlundant,
1039 4202 1102 4265 hoc
1124 4199 1250 4266 dicitur:

1850 4351 2011 4361 ——--.--

453 4446 557 4510 dicerit,
570 4441 685 4514 intellegi
699 4459 713 4494 a
725 4439 799 4494 nobis
815 4458 852 4505 ea,
867 4459 974 4511 quornm
987 4441 1013 4494 in
1026 4441 1128 4513 ingenio
1142 4451 1229 4495 nostro
1244 4441 1342 4494 semina
1354 4441 1442 4510 insint,
1461 4460 1526 4514 qnae
1539 4451 1628 4496 contre
1640 4442 1723 4496 aliene
1735 4442 1788 4495 sint
1799 4441 1876 4496 nobis
1891 4442 1947 4499 sive
1960 4442 2015 4496 dis-

452 4537 554 4601 similia,
568 4553 599 4588 eu
610 4552 664 4587 non
676 4525 808 4603 intellegi'.
825 4546 855 4570 -·

489 4629 531 4702 (¹)
567 4630 639 4683 Idem
654 4629 685 4682 de
697 4627 800 4681 Plotino
813 4626 884 4680 valet
895 4627 1081 4699 praecipiente:
1102 4621 1142 4678 oi
1154 4619 1201 4699 ydp
1214 4621 1243 4680 do
1254 4617 1352 4680 ednas·
1366 4623 1430 4680 ιῖδιν
1450 4619 1584 4698 δῴθαλμδς
1597 4617 1676 4694 ἥλιον,
1695 4619 1821 4694 ἦλιοιιδὴς
1838 4619 1871 4699 μὴ
1887 4627 2014 4699 perserpi-

454 4743 500 4790 νος,
516 4717 572 4774 atet
582 4711 612 4775 ri
626 4709 703 4774 καλὲν
715 4711 744 4771 ἂν
758 4715 809 4770 ἴδοι
821 4709 907 4790 ψυχὴ,
922 4709 953 4789 μὴ
966 4708 1030 4785 καλὴ
1042 4721 1166 4789 γινομίνη.
1197 4719 1271 4790 Quae
1284 4719 1364 4776 verbe
1377 4721 1469 4792 cuique
1481 4720 1632 4776 inurentem
1645 4718 1803 4775 revocabunt
1816 4719 1919 4776 Goethii
1933 4722 2014 4774 nostri

454 4833 544 4868 versus
557 4813 743 4869 celeberrimos.
1955 4801 1958 4808 ’
