4500 5666
1213 441 1258 514 18

1125 556 1351 582 mmmm

455 705 618 772 Heraclito
640 701 787 769 concludi
806 710 927 789 potest,
949 703 990 764 ita
1013 702 1187 786 perspicuis
1211 697 1413 784 Empedoclis
1439 697 1643 764 confirmatur
1661 700 1776 766 verbis.
1822 700 1916 786 Quae
1940 703 2022 765 anim

455 840 550 884 versu
573 819 676 902 9sqq.
700 820 762 901 (ap.
783 813 895 897 Steiu.)
917 812 1063 897 legimus:

956 923 989 989 sd
1012 922 1040 989 d'
1049 921 1118 989 ’σ’λεν
1138 918 1220 1009 (tabl
1241 913 1365 1004 εὖχεσονι
1386 923 1488 1008 εὑρεῖν·

806 1034 896 1107 οὕτως
918 1028 973 1102 οὔτ’
999 1032 1152 1118 ἒσιὸερνισοί
1172 1028 1239 1101 said
1253 1030 1391 1121 tvtpatco
1414 1031 1475 1099 att
1499 1028 1680 1113 inaccurati,

810 1142 874 1216 οὔτε
892 1145 945 1236 adq>
966 1139 1140 1231 νιεριλννσσοί.

456 1262 544 1327 aliter
565 1283 631 1327 non
653 1264 772 1348 poteris
797 1259 1019 1348 explicare(¹).
1064 1258 1163 1321 Immo
1186 1257 1322 1336 luerunt,
1347 1260 1401 1342 qui
1427 1279 1558 1324 omnem·
1572 1261 1782 1347 cognitionem
1805 1261 1873 1322 veri
1894 1257 1935 1322 ab
1951 1259 2024 1322 Em·

454 1373 590 1461 pedocle
612 1373 705 1438 nobis
735 1372 908 1438 abiudicari
936 1373 1149 1455 opinarentur.
1194 1367 1245 1433 De
1274 1390 1336 1452 qua
1363 1391 1397 1434 re
1426 1371 1569 1436 conferre
1598 1370 1687 1436 iubet
1710 1371 1895 1435 Karstenius
1919 1367 2023 1436 Cicer.

454 1484 552 1552 Acad.
575 1497 693 1571 quaest.
718 1486 741 1551 l.
761 1489 818 1564 tt,
842 1483 898 1548 ubi
922 1502 1009 1546 error
1028 1479 1082 1545 ille
1101 1502 1166 1544 non
1186 1480 1288 1544 solum
1312 1493 1582 1562 commemoratur,
1605 1480 1662 1547 sed
1690 1485 1780 1546 etiam
1804 1480 1845 1545 ab
1868 1480 1932 1545 alio
1956 1481 2023 1545 col-

453 1598 599 1662 locutore
622 1596 817 1683 redarguitur
838 1594 890 1659 vel
914 1604 998 1657 certe
1023 1603 1208 1657 coarctatur.
1252 1593 1308 1658 Est
1331 1597 1411 1658 enim
1436 1615 1534 1674 error,
1562 1597 1680 1680 siquis
1706 1591 1930 1680 Empedoclem
1954 1613 2024 1656 orn-

452 1731 523 1773 nem
546 1711 612 1774 veri
635 1711 869 1795 perceptionem
893 1702 1058 1769 sustulisse
1081 1703 1224 1769 arbitrari
1246 1703 1330 1770 velit.
1375 1706 1460 1769 Inter
1489 1716 1593 1770 certos
1623 1704 1748 1790 quidem
1777 1703 1858 1770 fines
1880 1704 2023 1791 pbiloso-

453 1821 534 1907 phus
557 1820 610 1886 ille
630 1819 767 1884 bumano
784 1819 888 1904 generi
904 1815 1014 1880 tribuit
1030 1814 1243 1902 cognoscendi
1259 1815 1445 1896 facultatem,
1469 1828 1504 1882 ut
1518 1839 1613 1884 versu
1631 1820 1671 1881 10
1687 1818 1805 1898 (Karst.
1823 1817 1881 1900 10)
1896 1816 2022 1903 legiture

874 1921 1048 1994 seduceret)
1070 1925 1158 1992 πλέον
1178 1919 1233 2013 οἶγε
1254 1927 1364 2013 βροτείη
1385 1930 1474 2015 μῆτις
1496 1923 1602 2016 ὄρωρεν.

455 2056 486 2110 et
508 2042 647 2108 similiter
669 2044 701 2105 in
724 2038 791 2103 aliis
814 2038 904 2119 locis,
935 2061 1017 2125 quos
1040 2042 1216 2104 enumerari
1239 2061 1304 2105 non
1326 2051 1374 2104 est
1396 2061 1536 2106 necesse.

585 2154 698 2217 Utrum
721 2161 823 2215 autem
847 2172 966 2230 eorum,
995 2173 1077 2236 quae
1101 2153 1272 2237 cognitioni
1294 2152 1447 2217 humanae
1470 2156 1533 2216 sint
1554 2151 1706 2231 subiecta,
1729 2149 1939 2237 Empedocles
1963 2149 2022 2214 alia

454 2265 607 2337 sensibus,
631 2261 689 2326 alia
712 2265 827 2326 rationi
849 2261 1002 2342 tribuerit,
1025 2284 1065 2326 an
1080 2261 1159 2327 illud
1175 2261 1350 2343 discrimen,
1369 2260 1466 2350 vulgo
1482 2266 1597 2343 tritum,
1620 2266 1747 2330 omnino
1770 2263 1947 2349 neglexerit,
1970 2283 2023 2326 ac·

454 2378 591 2441 curatius
613 2373 708 2438 nobis
732 2384 778 2438 est
806 2373 1028 2459 quaerendum.
1073 2374 1158 2439 Sane
1187 2373 1312 2462 quidem
1342 2378 1369 2440 si
1396 2373 1437 2439 ad
1463 2375 1675 2439 Eleaticorum
1705 2374 1865 2439 doctrinas
1892 2376 2023 2459 respici.

453 2510 521 2552 mus
544 2485 815 2574 philosophorum,
839 2484 1027 2570 quibuscum
1049 2485 1261 2572 Empedocles
1282 2497 1366 2551 tanta
1392 2497 1439 2552 est
1454 2490 1578 2551 vinctus
1603 2489 1797 2573 cognatione,
1820 2485 1904 2550 illam
1920 2483 2023 2550 diver·

453 2601 572 2664 sitatem
602 2601 683 2662 iuter
712 2617 824 2662 sensus
856 2606 887 2659 et
914 2600 1065 2661 rationem
1098 2595 1138 2662 ab
1169 2619 1210 2662 eo
1232 2600 1357 2662 minime
1381 2598 1552 2684 neglectam
1581 2619 1650 2663 esse
1672 2609 1897 2684 exspectamus.
1942 2600 2023 2662 Sunt

452 2721 554 2775 autem
578 2720 640 2773 tam
662 2721 778 2795 pauca,
807 2729 888 2792 quae
912 2706 951 2771 de
974 2709 1033 2771 bac
1055 2729 1089 2772 re
1113 2711 1145 2771 in
1167 2709 1368 2792 Empedoclis
1391 2720 1514 2774 exstant
1536 2711 1727 2796 fragmentis,
1758 2718 1793 2774 ut
1820 2691 1887 2773 non
1909 2709 2022 2772 miran-

454 2821 527 2886 dum
551 2824 598 2899 sit,
622 2819 710 2906 quod
732 2840 836 2905 neque
859 2831 981 2883 veteres
1005 2821 1189 2904 interpretes
1212 2841 1316 2906 neque
1339 2832 1495 2886 nostrates
1518 2824 1550 2885 in
1573 2824 1632 2886 bac
1654 2832 1742 2906 parte
1766 2819 1929 2887 doctrinae
1949 2820 2022 2884 Em-

452 2932 625 3020 pedocleae
648 2931 830 3017 explicanda
858 2929 897 2995 ad
928 2953 1018 2995 unam
1049 2930 1243 3018 eandemque
1272 2936 1453 2997 sententiam
1477 2944 1697 3019 pervenerunt.
1743 2931 1928 2998 Aristoteles
1953 2935 2022 3016 qui·

453 3044 523 3110 dem
540 3055 570 3110 et
586 3044 832 3130 Theophrastus,
855 3042 972 3129 quibus
994 3042 1045 3106 vel
1062 3048 1189 3106 maxima
1212 3047 1243 3107 in
1266 3044 1313 3107 bis
1332 3043 1428 3109 rebus
1452 3043 1587 3110 debetur
1609 3043 1849 3125 auctoritas(²),
1873 3037 1906 3110 sd
1918 3040 2023 3109 aiald-

453 3158 558 3224 νεισθοοι
580 3154 665 3242 apud
686 3153 911 3242 Empedoclem
934 3153 1015 3218 idem
1038 3154 1144 3219 valere
1167 3152 1318 3229 dixerunt,
1343 3177 1380 3220 ac
1401 3153 1434 3222 εδ
1456 3161 1567 3243 φρονεῖν
1589 3158 1707 3237 (Karst.
1723 3180 1753 3242 p.
1766 3153 1853 3241 491).
1885 3153 1949 3220 Sed
1965 3175 2022 3218 eos

451 3291 572 3348 versus,
595 3266 712 3354 quibus
729 3266 915 3331 Aristoteles
943 3266 1023 3330 banc
1045 3270 1331 3351 interpretationem
1355 3266 1468 3333 fulcire
1490 3268 1604 3349 studet,
1627 3267 1774 3353 equidem
1796 3289 1906 3355 parum
1930 3277 2021 3353 aptos

453 3381 595 3458 arbitror,
620 3403 637 3444 e
659 3377 776 3465 quibus
798 3376 831 3442 id
855 3377 938 3441 ellici
962 3382 1070 3461 possit.
1115 3376 1224 3442 Verba
1248 3382 1327 3442 enim
1352 3390 1423 3444 sunt
1446 3381 1524 3445 baec
1545 3403 1576 3445 v.
1591 3382 1657 3446 330
1679 3381 1837 3461 (Karsten.
1853 3381 1948 3462 3t8):

808 3501 811 3506 '
872 3484 941 3573 σρδς
960 3486 1063 3574 nupsit
1084 3487 1142 3576 γοὶρ
1161 3491 1248 3574 μῆτις
1270 3486 1389 3580 digerat
1409 3486 1591 3579 ἀνθρώποισιν

454 3614 484 3668 et
506 3602 632 3670 deinde:
655 3603 813 3668 tot-332
837 3602 1022 3683 (319-320)

845 3710 931 3779 dcccv
951 3714 973 3778 τ’
987 3714 1104 3780 οἰλλοῖοι
1123 3712 1266 3801 μετέφυν,
1288 3709 1369 3781 τίσιν
1390 3705 1427 3801 dp
1449 3726 1550 3805 σφισιν
1573 3712 1627 3783 alal

846 3819 898 3890 nal
920 3821 1042 3911 φρονέειν
1066 3829 1181 3893 albania
1200 3831 1370 3910 παρίστατο.

491 4040 533 4112 (¹)
571 4040 692 4108 Quocum
704 4059 734 4092 ea
747 4042 844 4112 optime
857 4050 1007 4112 congruunt,
1021 4058 1087 4111 quae
1100 4042 1273 4114 Empedoclea
1288 4042 1320 4096 de
1334 4054 1422 4098 nostra
1436 4043 1542 4098 deorum
1556 4043 1702 4116 cognitione
1715 4063 1739 4098 ν.
1753 4037 1807 4098 tit
1820 4063 1875 4118 sqq.
1889 4044 1941 4116 (ap.
1957 4046 2019 4098 liar-

454 4147 517 4189 sten.
531 4153 557 4186 v.
569 4126 622 4183 356
635 4128 703 4200 sqq.)
716 4131 814 4201 profert
827 4133 902 4186 baec:
1399 4191 1401 4196 ,

891 4220 947 4275 Οὔκ
959 4218 1025 4274 taso
1037 4213 1182 4276 callaicam&
1200 4221 1251 4276 οὐδ’
1267 4219 1441 4295 ὄφθοιλροῖσεν
1455 4216 1550 4295 tarmis

889 4307 1015 4384 ἡμετέροις
1026 4306 1040 4379 ἢ
1052 4315 1132 4387 χερσὶ
1144 4317 1243 4382 λαβεῖν,
1258 4305 1317 4387 ἥπερ
1331 4335 1357 4384 pa
1372 4313 1475 4387 μεγίστη

889 4403 996 4464 πειθοῦς
1009 4399 1176 4476 ἀνθρώποισιν
1189 4399 1308 4478 ἅμαξιτδς
1321 4408 1356 4467 alr
1368 4406 1444 4478 φρ1νοι
1456 4402 1548 4461 elman

453 4499 515 4552 Siue
528 4498 582 4549 iure
594 4493 744 4548 llarsteaius
758 4493 912 4548 vocabulum
924 4493 1007 4548 alnas
1018 4499 1132 4569 spurium
1146 4510 1234 4552 censet
1246 4501 1312 4565 esse,
1330 4519 1389 4556 nam
1402 4500 1452 4554 boc
1465 4499 1619 4556 vocabulum
1638 4515 1695 4552 cnm
1716 4499 1751 4558 alr
1768 4498 1931 4554 coniunctum
1951 4498 2019 4554 haud

454 4607 508 4641 raro
523 4587 591 4660 apud
603 4587 713 4658 tragicos
726 4585 864 4657 scriptores
878 4597 904 4640 et
917 4587 982 4641 alios
996 4589 1118 4653 occurrit,
1135 4607 1219 4660 neque
1237 4591 1341 4662 propria
1357 4601 1455 4644 tantum
1475 4589 1661 4662 significatione
1678 4589 1725 4642 sed
1747 4589 1824 4641 etiarn
1837 4587 1949 4662 figurata.
1977 4589 2017 4642 Ci.

453 4679 542 4750 Steph.
555 4679 633 4731 Thes.
647 4698 665 4732 s.
680 4678 704 4733 b.
718 4697 744 4732 v.

490 4771 533 4844 (²)
571 4775 672 4826 Caveat
689 4784 783 4836 tamen,
802 4790 834 4824 ne
852 4773 993 4839 Aristoteli,
1011 4783 1126 4828 veterum
1145 4774 1357 4847 pbilosophorum
1375 4775 1505 4830 doctrinas
1523 4775 1672 4848 explicanti,
1691 4774 1768 4828 nimis
1782 4775 1879 4840 credas,
1899 4775 1971 4826 euius
1985 4775 2018 4826 de

453 4865 604 4918 auctoritate
617 4865 643 4917 in
657 4865 750 4918 talibus
763 4863 837 4916 rabns
851 4863 917 4916 inter
930 4864 995 4918 alios
1008 4865 1120 4918 Zellerus
1129 4863 1306 4930 (Platonisebe
1320 4865 1436 4934 studien)
1451 4877 1477 4919 et
1490 4867 1520 4918 ll.
1531 4865 1645 4920 Ritterus
1659 4866 1696 4934 (in
1708 4865 1890 4921 additamentis
1904 4864 1935 4917 ad
1949 4866 2017 4936 prio-

454 4975 506 5010 rem
519 4955 657 5008 editionem
670 4955 727 5008 libri
741 4956 804 5010 satis
817 4956 871 5009 noti
884 4974 908 5026 p.
919 4949 953 5007 lo
964 4956 1031 5027 sqq.)
1044 4975 1096 5010 non
1108 4973 1202 5026 parvas
1216 4967 1351 5012 moverunt
1365 4957 1546 5011 dubitationes.
