4500 5666
1201 413 1249 486 28

446 675 516 746 atti
532 697 598 742 non
620 694 715 760 posse
736 673 824 749 ierri;
848 670 935 758 quod
951 675 1006 736 vvir
1028 668 1227 736 doctissimus
1250 671 1363 736 vehem
1385 692 1450 737 non
1473 670 1601 736 dixisset
1624 672 1737 753 solum,
1761 672 1931 740 sedetiam
1953 673 2008 740 de·

445 797 657 865 monstrasset,
688 788 899 871 grammatices
922 787 1004 849 enim
1026 782 1149 870 legibus
1172 783 1336 868 quomodo
1359 783 1411 848 illa
1435 787 1617 848 coniectura
1640 796 1794 870 repugnet
1816 806 1882 851 non
1904 783 2009 851 videos

445 901 560 985 Neque
581 902 650 984 ipse
664 897 849 961 Karstenius
872 895 917 961 illi
941 895 1112 960 obiectioni
1135 895 1265 958 multum
1289 893 1406 973 tribuit,
1429 915 1500 960 nam
1523 896 1585 960 hoo
1606 899 1713 981 potius
1736 895 1832 964 modo
1855 896 2012 962 Brundisii

445 989 695 1098 propositionem
719 1008 856 1072 refutare
886 1005 1003 1085 studet,
1035 1017 1069 1070 ut
1099 1005 1181 1084 illes,
1212 1027 1294 1090 quae
1325 1010 1405 1071 inter
1436 1026 1470 1070 se
1500 1028 1641 1092 pugnare
1670 1006 1835 1074 videantur
1864 1012 2011 1074 notiones

446 1119 624 1204 (ἀτέλεστον,
646 1121 699 1185 οὐκ
719 1117 921 1201 ἀτελεύτητον)
943 1140 978 1182 re
1001 1139 1075 1182 vera
1097 1137 1161 1182 non
1185 1137 1254 1182 esse
1277 1120 1462 1196 contrarias,
1493 1117 1550 1182 sed
1578 1118 1671 1183 omui
1700 1122 1777 1198 enti,
1809 1131 1893 1184 certe
1922 1119 2011 1184 aliam

447 1231 506 1298 ulia
528 1236 658 1311 ratione,
682 1230 808 1296 attribui
831 1251 925 1318 posse
950 1226 1103 1293 ostendat
1149 1227 1222 1313 Qua
1245 1231 1334 1293 inre
1358 1227 1502 1313 equidem
1527 1233 1555 1294 ei
1579 1234 1732 1296 assentior
1755 1241 1910 1315 quatenus
1933 1230 2012 1297 tales

447 1342 649 1409 difficultates
677 1342 885 1429 explicatione
911 1343 1031 1427 potius,
1062 1361 1154 1424 quam
1188 1340 1406 1405 emendatione
1436 1339 1605 1405 solvendas
1634 1362 1703 1406 esse
1732 1362 1862 1416 censeo;
1897 1341 2011 1408 dillero

446 1476 524 1521 vero
548 1454 588 1521 ah
612 1476 652 1520 eo
676 1457 708 1519 io
731 1458 798 1541 ipsa
822 1450 967 1518 solvendi
989 1453 1118 1515 ratione.
1164 1449 1228 1516 Sed
1252 1450 1292 1516 dc
1314 1451 1373 1516 hac
1394 1451 1474 1515 inira
1498 1455 1557 1516 erit
1580 1451 1810 1538 disputandum.

579 1567 645 1631 lam
667 1588 745 1631 vero
767 1562 936 1629 tenendum
959 1561 1075 1640 estid,
1104 1561 1192 1646 quod
1213 1585 1309 1648 supra
1331 1566 1453 1641 monui,
1482 1562 1588 1628 locum
1617 1585 1635 1626 a
1658 1563 1823 1631 Brundisio
1847 1563 2012 1629 addubita-

447 1690 512 1744 tum
535 1701 699 1764 sempera
727 1675 858 1740 diversis
881 1672 1088 1759 scriptoribus
1116 1675 1158 1736 ita
1185 1672 1338 1752 exhiheri,
1369 1682 1404 1737 ut
1433 1677 1585 1739 sententia
1614 1673 1674 1739 sibi
1704 1687 1840 1751 constet,
1871 1676 2013 1761 nihilque

448 1788 533 1877 apud
555 1811 612 1855 cos
634 1789 776 1865 inveniri,
797 1784 883 1850 unde
897 1783 1052 1849 Brendisii
1075 1787 1237 1870 scriptura,
1260 1784 1355 1870 plane
1373 1789 1558 1850 contrariam
1574 1785 1832 1872 significationem
1848 1786 2013 1872 praebens,

447 1905 549 1991 possit
572 1896 790 1966 commendari.
836 1898 950 1981 Neque
973 1896 1076 1962 solum
1097 1899 1129 1959 in
1158 1898 1234 1982 ipsis
1262 1895 1366 1961 verbis
1395 1896 1604 1963 Parmenideis
1635 1897 1815 1963 exhibendis
1844 1901 2013 1985 scriptores

446 2024 569 2080 veteres
592 2033 657 2076 non
672 2008 854 2074 dubitarunt
877 2029 933 2076 ens
955 2005 1035 2073 illud
1056 2006 1214 2072 infinitum
1237 2006 1369 2088 tradere,
1392 2008 1448 2073 sed
1472 2012 1563 2074 etiam
1585 2012 1618 2073 in
1634 1993 1872 2091 commentariis,
1896 2008 2012 2095 quihus

446 2121 638 2190 Parmenidis
661 2120 775 2207 placita
797 2119 1042 2198 illustraverunt,
1065 2117 1105 2184 de
1126 2119 1186 2184 hac
1208 2123 1340 2185 notione
1361 2119 1475 2184 infiniti
1498 2124 1578 2187 entis
1600 2142 1667 2186 non
1682 2119 1842 2208 disputant
1864 2131 2012 2208 tanquam

448 2237 489 2302 de
511 2237 671 2321 systemati
693 2231 900 2296 Parmenideo
925 2233 1089 2310 contraria,
1113 2228 1170 2294 sed
1193 2241 1228 2294 ut
1249 2229 1291 2295 de
1315 2229 1382 2309 tali,
1405 2251 1488 2317 quae
1511 2230 1593 2297 hene
1615 2235 1718 2318 possit
1740 2233 1886 2319 explicari
1908 2253 2014 2319 neque

448 2346 590 2431 analogia
612 2354 725 2410 careat.
770 2341 872 2409 Cuius
894 2353 1004 2408 testem
1033 2351 1193 2429 praestare
1223 2363 1353 2428 possum
1383 2343 1578 2429 Simplicium
1605 2347 1708 2428 ipsum
1738 2345 1816 2410 haec
1844 2344 2013 2410 dicentem:

448 2463 492 2544 (p.
508 2458 550 2522 89
574 2479 624 2543 ap.
640 2456 758 2538 Karsi.)
781 2453 929 2525 Μέλισσος
949 2454 987 2527 εἷς
1005 2449 1037 2520 ri
1056 2451 1138 2520 nerei
1154 2446 1257 2538 χρίννν
1276 2447 1409 2539 νῖντιρχνν
1428 2449 1480 2522 scel
1501 2451 1690 2530 α’,τελενῖτιντνν
1709 2451 1761 2524 nei
1783 2453 1829 2524 cisi
1850 2447 1878 2523 iv
1897 2451 2015 2536 dardeis,

448 2561 562 2655 ἔπειρον
582 2564 765 2655 inspirare,
784 2563 835 2633 nei
859 2571 872 2633 ὁ
891 2564 1072 2651 Παρμενίδης
1090 2559 1195 2631 τννύτόν
1214 2564 1362 2653 αὐτῷ(’)’
1374 2571 1524 2653 μινρτυρεῒ,
1547 2566 1643 2655 λέγων
1665 2564 1704 2633 dr'
1718 2567 1814 2636 αὐτῶν
1834 2566 2016 2654 excidendi

445 2674 597 2771 ῥημνίτων·
618 2683 656 2751 ὡς
678 2674 813 2765 ἀγένητον
919 2706 946 2743 κ.
958 2705 983 2743 τ.
997 2691 1027 2742 λ.
1061 2676 1150 2746 Οὕτω
1170 2674 1224 2760 μὶν
1244 2671 1291 2745 οὖν
1310 2674 1361 2744 nei
1385 2673 1466 2749 οὗτος
1487 2679 1524 2750 ὥς
1545 2678 1729 2746 ἀνέκλειπτον
1748 2674 1800 2748 nel
1821 2685 1859 2751 ὠς
1880 2682 2016 2769 νίγένητνν

448 2788 499 2862 nel
523 2785 636 2879 νῖπννρνν
660 2789 733 2856 ebe(
748 2799 831 2876 φησι.

581 2901 645 2970 Cui
667 2905 738 2968 testi
760 2900 1008 2987 locupletissimo
1032 2898 1228 2966 adnumerari
1251 2909 1389 2988 possunt
1408 2901 1587 2989 complures
1610 2902 1676 2984 alii,
1698 2903 1827 2969 levioris
1850 2924 1926 2970 saue
1947 2925 2016 2970 mo·

447 3017 544 3082 menti
566 3018 731 3100 (quoniam
754 3017 865 3100 partini
888 3012 1040 3098 Simplicii
1068 3017 1285 3079 auctoritatem
1307 3011 1455 3079 videntur
1477 3019 1606 3097 secuti),
1635 3026 1738 3080 tamen
1768 3014 1852 3081 haud
1883 3036 2016 3102 prorsus

449 3125 617 3216 spernendi
640 3127 692 3205 (cl.
716 3126 819 3190 Karst
843 3148 873 3210 p.
896 3126 998 3209 tom(
1020 3132 1042 3206 ).

581 3239 646 3303 lam
670 3237 709 3302 ad
726 3235 941 3302 Parmenidem
963 3247 1155 3301 revertentes
1177 3236 1268 3303 lacile
1291 3236 1416 3322 quidem
1441 3236 1663 3317 concedemus,
1686 3258 1756 3303 eom
1779 3259 1840 3326 pro
1857 3237 1918 3302 illis
1940 3249 2017 3304 tem·

449 3349 583 3437 poribus
606 3371 678 3415 raro
702 3351 844 3413 acumine
868 3346 1026 3411 doctrinas
1050 3369 1124 3412 suas
1152 3351 1342 3435 excogitasse
1369 3370 1484 3435 easque
1514 3370 1627 3436 magno
1657 3371 1727 3413 cum
1755 3350 1880 3430 fervore
1903 3353 2017 3436 ingenii

450 3461 545 3528 nohis
568 3463 759 3547 exposuisse.
805 3456 843 3524 ld
866 3469 968 3522 tamen
991 3463 1106 3524 nemini
1128 3458 1288 3524 videbitur
1310 3464 1436 3540 mirum,
1464 3458 1566 3546 (quod
1597 3459 1724 3548 quidem
1756 3465 1861 3549 negari
1892 3465 2016 3548 nequit)

450 3571 674 3653 Parmeniden,
703 3573 736 3638 ri
757 3564 785 3637 iv
807 3575 850 3634 ita
869 3579 1055 3652 scrutatum,
1087 3581 1122 3636 ut
1144 3570 1305 3636 mutabilia
1328 3575 1387 3636 ista
1409 3583 1441 3636 et
1463 3573 1544 3638 fluxe
1567 3595 1700 3658 prorsus
1723 3571 1899 3658 despiceret
1921 3584 2018 3658 atque

450 3681 636 3770 neglegeret,
658 3705 751 3749 unam
773 3692 892 3748 tantum
914 3692 1033 3767 partem
1055 3685 1122 3747 veri
1145 3681 1185 3747 de
1198 3693 1279 3760 ,ente
1294 3681 1452 3764 docuisse,
1475 3683 1602 3750 alterans
1619 3694 1738 3770 partem
1754 3687 1905 3749 omisisse.
1943 3683 2018 3764 Sed,

451 3803 487 3859 ut
509 3797 634 3878 saepius
656 3793 702 3874 fit,
726 3797 818 3859 etiam
840 3793 925 3858 hunc
947 3814 1100 3873 errorem,
1123 3796 1155 3859 in
1178 3797 1274 3860 totius
1296 3794 1516 3882 philosophiae
1539 3794 1743 3860 fundamento
1765 3800 1919 3883 positum,
1941 3796 2017 3860 Per-

450 3903 590 3972 menides
613 3903 777 3985 interdum,
798 3916 929 3972 naturae
943 3909 1046 3970 victus
1069 3905 1219 3987 bonitate,
1242 3905 1371 3993 singulis
1393 3911 1425 3971 in
1447 3907 1528 3972 loeis
1549 3910 1619 3993 ipse
1634 3910 1802 3994 superavit,
1824 3912 1876 3988 ita,
1898 3918 2018 3974 utnon

488 4102 531 4175 (¹)
567 4105 607 4156 ltu
619 4101 711 4173 scripsi
723 4122 769 4175 pro
782 4106 887 4177 vulgato
899 4103 1009 4158 τοιοῦτον
1021 4098 1094 4171 eisd.

489 4192 531 4266 (²)
569 4194 714 4264 Quominus
728 4204 813 4247 autem
825 4206 920 4249 temere
934 4196 967 4248 ed
979 4194 1116 4249 verborum
1129 4195 1355 4250 Parmenideorum
1368 4195 1524 4268 refugiamus
1537 4196 1712 4262 mutationem,
1729 4196 1839 4270 impedit
1850 4197 1902 4250 elio
1914 4214 2017 4270 quoqne

452 4289 517 4343 retio
532 4286 595 4341 setis
608 4283 692 4339 facilis
706 4283 845 4338 intellectu.
883 4289 950 4340 Nom
963 4288 990 4339 in
1001 4286 1091 4359 paucis
1104 4297 1203 4340 tantum
1219 4287 1382 4360 philosophis
1401 4287 1563 4360 explicandis
1583 4297 1609 4340 et
1626 4286 1792 4340 emendandis
1810 4306 1866 4341 eom
1878 4306 2016 4358 possumus

453 4379 525 4453 sequi
538 4378 661 4451 regulum,
681 4394 756 4447 qoam
770 4375 797 4429 in
809 4377 926 4448 plurimis
940 4377 1055 4431 classicis
1069 4378 1248 4448 scriptoribus,
1268 4397 1333 4450 quos
1352 4389 1461 4443 vocent,
1480 4379 1554 4450 sequi
1567 4378 1693 4443 solemus,
1712 4396 1769 4431 eem
1782 4378 1855 4444 dieo,
1876 4379 2017 4434 secundum

453 4491 529 4544 qoem
542 4489 588 4524 eos
602 4487 703 4541 semper
716 4478 812 4521 rectum
826 4468 924 4522 vidisse
937 4469 1014 4541 idque
1028 4468 1125 4540 optime
1138 4469 1226 4541 eloqui
1239 4469 1357 4541 potuisse
1370 4468 1546 4542 supponimus.
1583 4470 1667 4522 Nemo
1686 4469 1755 4523 enim
1771 4469 1852 4541 magis
1866 4488 1942 4542 (Ῑιιιιιι
1958 4469 2017 4542 phi·

451 4563 585 4633 losophus,
600 4561 694 4633 qnippe
709 4560 752 4632 qui
766 4559 900 4612 scientium
912 4559 1027 4613 fontibus
1040 4560 1098 4631 plus
1110 4560 1229 4614 minusve
1243 4560 1338 4614 obditis
1351 4560 1518 4614 hauriendam
1531 4561 1660 4631 proponit,
1672 4558 1769 4631 pendet
1781 4559 1868 4626 exiis,
1887 4579 1952 4634 quee
1965 4560 2017 4613 iem

453 4665 530 4709 antee
541 4654 568 4706 in
580 4653 686 4725 reliquis
699 4652 828 4705 literarum
841 4650 985 4722 eroumque
998 4649 1133 4724 generibus
1153 4652 1282 4706 eleborata
1301 4651 1359 4706 sint
1396 4654 1489 4724 Neque
1509 4668 1618 4722 usquam
1638 4651 1739 4718 clarius,
1762 4669 1838 4723 quum
1858 4653 1885 4707 in
1901 4651 2018 4725 philoso-

452 4744 562 4815 phorum
580 4743 681 4816 scriptis
699 4744 761 4798 licet
778 4741 928 4812 intelligere,
947 4741 1078 4813 quomodo
1091 4741 1292 4816 uniuscuiusque
1305 4752 1331 4795 et
1346 4742 1479 4815 perceptio
1498 4751 1524 4795 et
1540 4742 1653 4796 elocutio
1671 4741 1856 4798 determinetur
1872 4741 2018 4815 aequalium

452 4836 611 4907 percipiendi
625 4845 651 4889 et
664 4833 802 4908 eloquendi
815 4831 945 4888 facultate.
976 4834 1012 4887 Et
1027 4851 1079 4886 non
1091 4833 1146 4887 nisi
1156 4834 1321 4905 pedetentim,
1338 4844 1368 4888 ut
1379 4852 1426 4907 pur
1439 4843 1486 4901 est,
1505 4831 1656 4906 philosophi
1668 4852 1700 4888 eo
1713 4843 1893 4906 pervenerunt,
1912 4843 1941 4890 ut
1952 4834 2018 4890 vitie

454 4927 612 5000 systematis,
631 4926 785 4998 aptioribus
798 4923 893 4991 traditi,
906 4924 1079 4980 emendarent.
