4500 5666
1172 375 1220 454 27

407 635 636 726 πεπερασμένον.
674 637 711 704 ln
734 657 799 722 quo
823 632 1080 714 demonstrando,
1102 655 1200 720 quum
1222 636 1282 698 iem
1297 632 1482 698 Aristoteles
1505 654 1542 698 er
1557 633 1619 699 alio
1635 635 1709 701 loco
1724 657 1795 702 mos
1812 637 1973 705 laudando

410 750 542 818 eandem
566 749 607 816 tle
630 759 702 815 ente
725 745 929 814 Parmenideo
958 747 1140 833 opinionem
1167 744 1319 825 duxisset,
1348 748 1426 810 novi
1448 745 1574 830 quidem
1602 747 1677 812 nihil
1700 749 1817 828 ellecit,
1847 749 1903 816 sed
1925 772 1974 816 ar·

409 866 603 950 gumentatio
625 865 703 948 ipso,
727 882 790 946 qua
813 858 892 924 illud
915 857 1131 945 πεπερασμένον
1154 856 1346 942 adsequitur,
1369 855 1461 944 (ligus
1483 868 1539 936 est,
1562 878 1647 944 quae
1666 859 1729 925 buo
1750 859 1974 926 introducatur.

409 975 499 1040 Dicit
520 977 600 1039 enim
623 973 644 1038 l.
665 973 685 1038 l.
713 971 739 1040 ον’
754 966 815 1058 γάρ
835 961 865 1037 ἀν
887 970 946 1038 ἔστι
966 964 1018 1036 sal
1038 963 1109 1054 οὐχὶ
1129 963 1174 1055 μοὶ
1195 961 1233 1048 ἀν,
1262 967 1386 1038 ἀνονὸεές
1406 967 1494 1035 ἔστιν·
1522 965 1647 1044 ἀνενάοέε
1668 966 1699 1038 dl
1721 965 1759 1050 ἀν,
1779 967 1885 1038 τίλενάν
1904 973 1973 1040 ἐστι·

407 1084 519 1154 τίλοοον
537 1083 570 1152 dl
590 1079 628 1163 iv,
650 1085 715 1169 ἔχει
736 1085 820 1153 τέλος
838 1077 890 1149 sol
911 1082 964 1148 stis
984 1076 1059 1148 ἔνεον
1077 1076 1277 1155 ἀτελεύτητον
1296 1077 1380 1151 τέλος
1402 1076 1434 1147 dl
1455 1076 1532 1166 ἔχον,
1553 1079 1643 1167 τείρεις
1658 1081 1722 1166 ἔχει
1740 1079 1792 1151 acl
1809 1082 1880 1166 ’ἀροκ
1912 1086 1976 1150 Lo-

411 1219 472 1264 cus
494 1208 609 1276 autem,
641 1195 725 1263 unde
748 1193 936 1260 Aristoteles
959 1191 1136 1273 concludit,
1164 1190 1381 1258 Parmenidem
1405 1213 1460 1258 ena
1481 1191 1562 1258 illud
1587 1192 1710 1258 finitum
1738 1199 1899 1275 statuisse,
1930 1208 1976 1262 est

412 1309 465 1374 bic
485 1311 604 1389 (Karst.
626 1332 655 1374 v.
674 1311 732 1372 101
753 1313 853 1394 sqq.):

814 1415 910 1502 ονύτάρ
929 1411 977 1483 s'sl
996 1419 1098 1502 τεῖρονς
1117 1410 1256 1499 stipato
1276 1411 1477 1499 τετελεσμένον
1498 1411 1565 1495 εὀτί

813 1527 950 1596 sancitu
971 1520 1120 1594 εὐκύκλου
1140 1523 1268 1616 σφαίρης
1288 1525 1450 1614 ἐναλίγκιον
1469 1520 1551 1615 ’ὄγκῳ

812 1634 953 1726 μεσσόθεν
973 1633 1115 1710 νὀοττάλάς
1135 1632 1237 1730 τάντῃ.
1255 1675 1295 1690 -·

414 1754 497 1820 luter
519 1756 712 1819 recentiores
727 1750 920 1818 Parmenidis
942 1755 1127 1837 interpretes
1150 1749 1353 1816 libentissime
1367 1749 1560 1830 Brundisius,
1576 1751 1618 1815 V.
1633 1747 1681 1829 C..
1703 1750 1785 1816 banc
1806 1755 1885 1816 entis
1901 1755 1975 1820 Par-

410 1862 545 1931 menidei
567 1864 825 1951 descriptionem,
848 1861 1022 1930 secundum
1046 1883 1139 1947 quam
1161 1861 1284 1927 finitum
1307 1870 1368 1942 est,
1398 1860 1557 1948 amplexus
1585 1871 1640 1927 est.
1686 1860 1780 1928 Coul.
1804 1868 1884 1928 enim
1907 1869 1975 1932 eins

412 1975 702 2044 Commentattoues
730 1975 788 2040 Ell.
816 1997 849 2060 p.
869 1973 946 2054 tlt,
976 1973 1032 2038 ubi
1059 1977 1196 2059 priorem
1225 1973 1330 2038 locum
1357 1976 1401 2053 (v.
1424 1977 1465 2038 85
1485 1981 1570 2058 sqq.)
1598 1977 1687 2058 qussi
1717 1976 1974 2042 circumscribens

410 2087 599 2156 haecdicit:
620 2084 732 2172 ‘Quod
754 2107 832 2152 vero
855 2091 940 2170 (ens)
962 2095 1062 2150 totum
1086 2089 1119 2150 in
1141 2107 1177 2150 se
1199 2097 1247 2151 est
1268 2089 1405 2172 positum
1428 2096 1459 2149 et
1481 2083 1650 2165 immobile,
1672 2106 1738 2150 non
1760 2086 1913 2152 infinitum
1935 2091 1976 2154 sit

410 2221 540 2266 necesse
563 2209 619 2279 est,
642 2196 731 2284 qnod
753 2200 835 2263 enim
857 2196 1013 2262 inlinitum
1037 2207 1092 2276 est,
1115 2208 1185 2283 eget
1207 2197 1313 2283 aliqua
1333 2219 1377 2277 re,
1400 2217 1455 2261 ens
1479 2205 1581 2260 autern
1603 2196 1690 2262 nulla
1712 2219 1747 2262 re
1770 2208 1876 2284 potest
1896 2199 1975 2266 indi·

410 2331 492 2398 gere,
515 2333 613 2397 quum
635 2319 737 2376 totum
758 2313 792 2374 in
815 2331 850 2374 se
871 2313 911 2374 sit
933 2311 1072 2395 positum
1095 2313 1245 2394 omniqua
1267 2312 1361 2396 igitur
1382 2319 1471 2394 perte
1494 2306 1674 2373 absolutum
1698 2321 1730 2374 et
1751 2313 1940 2396 perlectum!

543 2422 600 2488 Sin
622 2432 726 2488 antem
749 2420 923 2488 nonnullos
946 2420 1026 2484 alios
1048 2420 1291 2507 fragmentorum
1318 2420 1409 2486 locos
1440 2441 1511 2483 cum
1534 2417 1664 2484 duobus
1692 2421 1755 2486 illis
1783 2424 1861 2488 vebs
1891 2447 1977 2490 com·

410 2555 536 2620 parare,
568 2543 652 2600 certe
674 2532 780 2618 aliqua
802 2531 860 2597 tibi
882 2534 915 2596 in
936 2541 1069 2597 mentem
1091 2536 1197 2598 veniet
1217 2530 1389 2610 dubitatio,
1420 2551 1495 2596 num
1524 2530 1578 2595 illa
1600 2535 1680 2597 entis
1701 2533 1898 2600 Parmenidei
1921 2535 1977 2601 de-

411 2647 541 2731 scriptio
563 2645 657 2731 plane
679 2648 836 2712 sitrecte.
880 2645 1026 2730 Legimus
1056 2647 1136 2710 enim
1159 2642 1245 2731 apud
1273 2641 1410 2708 eundem
1431 2642 1624 2729 Simplicium
1653 2643 1713 2709 bos
1743 2650 1836 2712 etiam
1865 2669 1976 2713 versus

411 2758 530 2840 (lieret.
554 2760 594 2822 58
610 2764 686 2843 sq.):

1015 2846 1053 2917 ὡς
1072 2842 1207 2930 ἀγένητον
1228 2842 1270 2912 τ’ἀν
1291 2839 1344 2910 ascl
1363 2837 1519 2928 ἀνώλεθρον
1539 2843 1622 2919 εὀτεν,

814 2949 908 3033 οὖλον,
925 2954 1094 3042 μουνογενάς
1111 2983 1143 3022 τε
1164 2951 1216 3023 sal
1238 2951 1361 3042 ἀτρεμὲς
1381 2955 1426 3029 sid'
1442 2950 1596 3022 ἀτέλεστον
1612 2953 1673 3037 (¹).

410 3090 509 3177 Quod
533 3101 635 3156 autern
658 3091 793 3175 primum
817 3087 856 3153 ed
884 3089 998 3153 borum
1026 3103 1174 3155 versuum
1203 3093 1337 3174 pertinet
1364 3091 1563 3174 scripturam,
1593 3089 1779 3152 Karstenius
1808 3087 1848 3154 de
1879 3109 1916 3154 ea
1937 3111 1973 3156 re

409 3203 592 3270 doctissime
613 3201 760 3268 dissensit
782 3223 813 3287 p.
831 3202 873 3265 86
886 3222 953 3286 sqq.
999 3197 1100 3265 Cuius
1124 3223 1142 3266 e
1165 3199 1377 3286 disputatione
1399 3199 1551 3280 videmus,
1577 3209 1718 3264 nostrum
1741 3199 1846 3265 locum
1868 3200 1973 3267 decies

407 3317 475 3382 fere
497 3337 517 3382 a
538 3311 747 3402 scriptoribus
770 3314 874 3388 citari,
902 3310 1007 3377 verbis
1031 3311 1157 3396 quidem
1180 3332 1244 3376 non
1267 3333 1399 3398 prorsus
1427 3312 1537 3376 iisdem
1561 3349 1601 3362 -
1632 3331 1703 3376 nam
1729 3331 1789 3398 pro
1811 3309 1973 3378 vocabulo

408 3426 572 3506 ἀτελοοτον,
595 3437 630 3492 ut
651 3428 796 3512 graviora
818 3425 955 3502 alteram,
979 3422 1055 3488 alibi
1076 3425 1234 3488 invenitur
1255 3422 1410 3491 ἀτέλευτον
1430 3423 1483 3488 vel
1505 3421 1640 3508 ἀγένητον
1651 3429 1689 3507 (1)
1707 3461 1748 3475 -
1771 3421 1905 3487 eundem
1927 3435 1974 3488 ta-

409 3559 482 3604 men
504 3537 624 3623 ubique
644 3535 848 3624 praebentem
872 3555 1008 3600 sensum.
1052 3532 1118 3598 Sed
1147 3538 1371 3600 accuratiorem
1394 3535 1487 3599 buius
1516 3538 1563 3599 rei
1594 3537 1821 3620 expositionem
1853 3536 1975 3600 ellar-

409 3651 511 3716 stenio
533 3653 604 3735 ipso
628 3659 717 3735 petas
739 3647 843 3713 velim.
887 3646 1022 3711 Sensum
1050 3657 1154 3711 autem
1184 3651 1211 3712 si
1239 3657 1377 3732 spectas,
1412 3646 1444 3710 id
1475 3649 1607 3732 primum
1638 3645 1764 3710 videtur
1792 3645 1975 3729 mirandum,

409 3759 498 3848 quod
520 3783 576 3826 ens
598 3759 687 3840 illud,
710 3759 785 3827 alibi
807 3757 931 3824 finitum
954 3758 1024 3838 (οὐκ
1044 3753 1248 3842 ἀτελοίτκτον)
1271 3757 1470 3843 appellatum,
1493 3764 1524 3821 in
1547 3756 1697 3822 hocloco
1712 3755 1794 3822 idem
1810 3754 1975 3840 ἀτάλοοτον,

408 3873 475 3954 (sel
497 3871 667 3957 ἀεάλωτον)
689 3871 860 3949 infinitum,
889 3879 1031 3936 vocatur.
1074 3870 1114 3934 Et
1140 3891 1176 3936 rs
1197 3891 1272 3936 vera
1294 3869 1462 3935 brundisio
1488 3869 1667 3933 haerentis
1690 3867 1877 3957 descriptio,
1908 3883 1975 3936 tan-

409 4005 503 4070 quam
525 3984 683 4048 infinitum
705 3987 760 4062 sit,
782 3993 844 4046 tam
868 3981 968 4046 aliena
991 4003 1009 4044 a
1032 3980 1224 4048 Parmenidis
1247 3979 1402 4048 sentiendi
1424 3985 1545 4048 ratione
1566 3977 1701 4061 videtur,
1729 3993 1764 4046 nt
1785 4005 1846 4070 pro
1869 3980 1974 4046 serbis

407 4095 453 4170 ἧδ’
476 4091 631 4163 ἀτέλεστον
660 4092 826 4181 legendum
855 4101 993 4156 censeat:
1025 4089 1086 4159 att
1107 4090 1263 4162 dsltsssas
1285 4096 1330 4179 (p.
1351 4095 1427 4177 110)
1445 4090 1504 4175 (').
1550 4089 1614 4158 Cui
1643 4093 1797 4159 Brundisii
1833 4096 1974 4179 opinioni

410 4209 562 4294 opposuit
584 4207 769 4274 Karstenius
791 4229 822 4294 p.
840 4205 882 4268 89
905 4205 1052 4290 primum,
1081 4217 1213 4293 propter
1235 4215 1411 4271 structurae
1436 4207 1587 4268 rationem
1610 4208 1672 4272 isto
1694 4205 1769 4272 loco
1791 4204 1973 4290 particulam

445 4432 490 4507 (¹)
527 4437 602 4508 Quos
614 4453 707 4492 sersus
718 4433 859 4489 Bssssriou
872 4434 909 4486 its
920 4432 1001 4486 latine
1013 4433 1111 4488 reddits

811 4525 955 4598 luganitnm
969 4523 1073 4594 qusndo
1086 4534 1134 4591 est,
1153 4524 1188 4578 sit
1199 4534 1226 4578 et
1237 4524 1381 4579 immortale
1393 4541 1508 4590 necesse,

812 4615 967 4690 Unigsnum,
985 4614 1128 4682 immotum,
1144 4615 1306 4682 immensum,
1325 4616 1397 4668 sine
1414 4615 1481 4668 lins
1501 4632 1653 4688 perenne.

446 4703 490 4778 (¹)
528 4707 669 4778 Compsrss
682 4701 915 4781 praesumptis
929 4707 1006 4760 Ιοιοοε
1026 4707 1055 4759 1ο
1068 4725 1178 4763 onorem
1190 4717 1288 4775 autem,
1306 4705 1394 4762 umcio
1407 4722 1458 4777 qno
1471 4707 1563 4772 modo,
1582 4703 1681 4759 inducti
1693 4712 1760 4766 snut,
1777 4703 1822 4774 qui
1841 4706 1973 4762 Parmeni-

411 4800 470 4857 dtu
481 4800 574 4858 solum
585 4815 632 4852 ens
646 4817 705 4854 esse
718 4795 845 4852 infinitum
859 4799 989 4854 statuisse.
1025 4798 1053 4852 ln
1067 4797 1177 4852 Eleatici
1194 4799 1276 4854 nostri
1292 4815 1355 4854 vero
1371 4795 1450 4851 lende
1469 4797 1581 4870 positor,
1601 4793 1670 4868 qnod
1687 4789 1723 4858 id,
1742 4793 1813 4864 quod
1830 4795 1973 4870 perlectum

410 4889 452 4958 sit,
470 4908 528 4946 esse
540 4887 675 4946 delinitum
685 4888 897 4962 pronuntiaverit,
915 4900 993 4963 atque
1006 4907 1059 4944 non
1070 4887 1205 4943 infinitum

1722 4991 1771 5065 4.
