4500 5666
1198 401 1243 472 19

1101 515 1334 542 mmm

430 654 606 741 Quomodo
629 659 711 722 enim
733 675 770 722 ex
793 656 840 722 his
864 653 969 722 verbis
991 658 1092 741 possit
1115 654 1329 736 demonstrari,
1350 653 1400 732 nir
1417 656 1503 742 piru
1525 663 1592 726 sire
1615 659 1663 736 nis
1683 661 1813 752 φρόνησιν
1829 664 1909 731 idem
1928 687 1997 732 esse

429 789 469 832 ac
488 763 537 840 eis
560 763 690 860 ιιίσίιισιι
717 789 767 832 me
795 765 888 853 plane
917 769 1042 832 nescire
1067 765 1167 833 libere
1195 768 1363 852 lateor(¹).
1408 769 1488 836 Nem
1519 773 1594 837 nihil
1622 775 1671 839 hic
1694 775 1756 840 dici
1779 797 1907 856 censeo,
1937 781 1997 842 nisi

428 878 508 944 illud
529 881 734 958 verissimum,
758 889 790 944 et
811 899 862 944 res
885 876 1031 944 sensibus
1054 878 1196 944 obiectas
1219 889 1250 944 et
1273 883 1415 967 corporis
1440 880 1658 950 condicionem
1676 891 1894 974 cogitationem
1917 909 1997 974 quo-

428 1011 491 1076 que
506 1003 646 1058 nostram
660 993 791 1056 variare.
830 988 918 1074 Quid
933 993 1026 1055 vero?
1049 990 1133 1054 Num
1154 990 1224 1056 talis
1240 993 1421 1057 coniunctio
1443 989 1653 1061 diversitatem
1675 1008 1783 1084 potest
1805 1004 1998 1086 extinguere?

428 1102 537 1188 Quare
559 1106 609 1168 vix
632 1123 715 1188 opus
739 1111 786 1170 est
809 1121 1066 1180 commemorare,
1089 1104 1149 1166 ism
1173 1102 1366 1188 Simplicium
1390 1101 1444 1183 (de
1467 1124 1517 1169 an.
1533 1104 1588 1170 lll.
1610 1106 1630 1170 l.
1654 1111 1711 1193 56)
1739 1112 1782 1174 ita
1804 1109 1901 1175 verba
1924 1111 1995 1176 Em-

426 1213 571 1300 pedoclis
593 1236 690 1300 supra
712 1213 840 1280 laudata
863 1213 1046 1298 explicasse,
1075 1221 1112 1277 ut
1132 1213 1216 1278 illam
1239 1217 1320 1278 inter
1341 1214 1490 1280 humanas
1514 1216 1678 1282 lacultates
1702 1219 1907 1286 differentiam
1930 1242 1995 1286 ser-

426 1329 520 1405 varit,
543 1325 641 1411 idque
663 1324 766 1391 solum
790 1347 826 1390 ex
849 1328 917 1391 eins
940 1324 1149 1409 explicatione
1170 1325 1316 1411 prolero,
1340 1346 1411 1390 eum
1432 1325 1528 1390 verba
1550 1323 1603 1395 καί
1626 1329 1750 1415 φρονίιιν
1773 1334 1889 1399 ἀλλοῖα
1910 1331 1994 1419 ταρί·

426 1463 516 1505 στατο
539 1436 581 1502 de
604 1439 763 1502 somniis
787 1435 849 1501 dici
872 1433 1086 1519 statuisse(²).

558 1549 673 1634 Neque
695 1551 799 1614 minus
820 1546 946 1612 videtur
968 1569 987 1610 a
1009 1569 1086 1613 vero
1116 1547 1279 1613 aberrasse
1302 1547 1554 1632 Theophrastus,
1586 1571 1678 1635 quem
1706 1550 1836 1618 eandem
1865 1555 1924 1620 hac
1952 1554 1993 1620 de

424 1683 460 1726 re
482 1664 670 1726 seutentiam·
689 1659 863 1746 amplexum
886 1679 956 1724 esse
978 1681 1074 1746 snpra
1097 1659 1237 1724 diximus.
1281 1659 1319 1725 ln
1343 1678 1382 1723 eo
1407 1663 1488 1724 enim
1508 1665 1703 1746 potissimum
1724 1669 1902 1730 continetur
1924 1670 1992 1732 einr

425 1775 652 1859 argumentatio
674 1771 727 1852 (cl.
751 1770 791 1835 de
813 1791 909 1836 sensu
931 1771 950 1856 ξ
970 1773 1034 1854 10),
1056 1782 1091 1836 ut
1115 1771 1232 1836 exilio
1254 1774 1429 1851 notissimo,
1451 1770 1644 1857 quadraretur
1665 1773 1708 1862 τῷ
1728 1775 1817 1863 ὁμοίῳ
1835 1771 1868 1843 ri
1885 1773 1991 1860 ὅμοιον,

424 1882 514 1969 quod
538 1905 555 1947 a
578 1883 720 1969 plurimis
743 1881 929 1967 Empedocli
952 1903 1084 1968 qnoque
1106 1882 1264 1962 tribuitur,
1287 1881 1463 1968 nnllam(³)
1486 1883 1695 1950 diversitatem
1720 1889 1801 1952 inter
1822 1889 1870 1960 niu
1893 1889 1992 1964 αι’σθιι·

425 2021 468 2061 τιν
492 2006 522 2060 et
540 1990 588 2070 τὴν
609 1989 741 2081 φρίιιισιν
769 1993 854 2081 apud
877 1992 1103 2078 Empedoclem
1127 2015 1195 2059 esse
1223 1992 1424 2059 demonstret.
1469 1994 1553 2060 Illud
1582 2008 1686 2062 antem
1713 1996 1869 2083 placitum,
1892 2001 1990 2066 simile

424 2105 514 2172 simili
537 2110 696 2193 cognosci,
718 2109 751 2170 in
773 2107 820 2171 his
843 2104 948 2170 verbis
971 2108 1167 2191 potissimum
1191 2108 1392 2190 conspicitur,
1414 2128 1464 2170 vv.
1480 2108 1635 2180 ete-337
1660 2110 1777 2192 (Karst.
1792 2112 1958 2195 321-25);

807 2214 882 2308 Γαίῃ
900 2213 955 2301 μὲν
976 2212 1036 2302 γσῖρ
1059 2223 1150 2304 pates
1171 2214 1341 2301 increpo,
1362 2214 1449 2282 silan
1468 2215 1594 2304 triten,

808 2328 894 2413 αἰθέρι
912 2328 940 2394 d'
955 2326 1053 2414 αι’θίροο
1072 2327 1092 2392 d
1096 2334 1145 2407 iau,
1167 2328 1243 2414 sireip
1266 2324 1332 2412 rupl
1352 2328 1409 2410 nir
1431 2323 1558 2408 didatus,

808 2441 915 2533 στοργῇ
936 2439 967 2506 di
989 2436 1119 2526 eropysiv,
1140 2446 1227 2510 veiam
1248 2439 1281 2505 δέ
1298 2467 1329 2505 τε
1350 2437 1435 2506 νείκεϊ
1450 2441 1569 2528 λυγρῷ·

808 2546 966 2619 inserirur
987 2547 1047 2638 γσῖρ
1068 2548 1167 2618 neimo
1190 2549 1356 2638 πεπήγασιν
1378 2552 1563 2638 ἁρμοσθέντα

806 2659 857 2730 sel
876 2658 987 2730 roderis
1008 2661 1158 2750 φρονίουσι
1178 2660 1230 2730 καί
1248 2662 1335 2737 idcvr'
1358 2662 1405 2738 ἠδ’
1425 2665 1569 2732 αἰτιῶνται.

423 2777 456 2842 ln
485 2775 602 2862 quibus
631 2775 776 2840 versibus
803 2774 1005 2861 Empedoclis
1034 2780 1231 2862 sagacitatem
1262 2779 1470 2862 agnoscimus,
1500 2776 1663 2842 concludit
1692 2781 1772 2842 enim
1802 2778 1856 2844 ille
1879 2802 1916 2844 ex
1938 2803 1987 2861 eo,

422 2887 511 2972 quod
533 2891 655 2953 animus
677 2887 827 2973 plurimas
850 2886 1140 2972 diversissimasque
1166 2909 1217 2952 res
1244 2886 1304 2951 sibi
1331 2889 1498 2952 informare
1525 2909 1563 2952 ac
1592 2887 1826 2972 quodammodo
1849 2896 1987 2978 arripere

421 3011 535 3085 potest,
557 3001 618 3066 hoc
641 3019 708 3066 nou
730 2998 810 3078 fieri,
832 3002 890 3063 nisi
914 2997 1048 3084 quadam
1072 2997 1223 3064 alfinitate
1244 3002 1325 3062 inter
1348 3002 1479 3064 animam
1501 3008 1533 3062 et
1550 2997 1669 3080 res(⁴),
1693 2998 1790 3086 idque
1805 3006 1985 3068 rectissime.

1927 3167 1983 3176 --

455 3253 498 3323 (¹)
536 3257 626 3326 Neque
639 3253 882 3326 Trendeleahurgio‚
901 3254 958 3307 viro
972 3253 1148 3325 sagacissimo,
1166 3254 1210 3306 illa
1225 3253 1370 3306 Aristotelis
1391 3254 1576 3325 argumentatio
1589 3253 1717 3324 probatur,
1735 3254 1797 3307 dicit
1810 3257 1877 3308 enim
1890 3275 1914 3327 p.
1929 3249 1983 3315 ll9

421 3346 465 3414 (ad
481 3347 558 3400 Arist.
573 3346 596 3398 d
610 3347 676 3413 sn.):
688 3339 723 3397 ‘E
737 3344 813 3398 nudis
826 3344 1008 3415 Empedoclis.
1019 3383 1057 3399 ...
1077 3345 1160 3401 verbis
1175 3345 1206 3398 sb
1220 3343 1359 3396 Aristotele
1371 3346 1456 3398 allatis
1470 3363 1520 3398 non
1539 3346 1662 3418 seqnitur,
1675 3365 1729 3409 eos,
1747 3345 1816 3418 qnod
1831 3348 1982 3402 Aristoteles

420 3439 483 3501 vult,
496 3432 629 3502 volnisse';
643 3448 669 3490 et
680 3447 771 3509 postea
784 3455 808 3506 p.
819 3429 884 3490 leo:
896 3430 1005 3488 ‘Versus
1018 3437 1107 3506 aquales
1120 3437 1263 3500 laudantur,
1277 3454 1322 3508 per
1334 3454 1362 3488 ss
1374 3436 1425 3488 soli
1438 3437 1624 3507 Empedoclem
1637 3437 1662 3489 in
1676 3455 1776 3500 eornm,
1791 3437 1835 3508 qni
1852 3456 1943 3492 sensus
1958 3451 1983 3494 et

419 3529 512 3580 mentis
525 3528 661 3580 discrimen
674 3528 770 3580 nullum
786 3527 893 3591 iaciunt,
912 3525 1026 3579 ordinem
1045 3546 1096 3579 nun
1115 3526 1259 3580 detrudunt.
1292 3527 1370 3579 Recte
1388 3528 1456 3579 enim
1474 3527 1517 3579 ille
1536 3546 1625 3582 versus
1646 3527 1768 3598 explicari
1787 3537 1883 3599 potest,
1904 3547 1936 3581 ex
1950 3531 1981 3582 iis

419 3637 485 3692 qnae
499 3618 590 3672 adsunt
606 3619 681 3671 rebus
694 3619 826 3670 homiuum
839 3617 1001 3689 prudentiam
1015 3619 1108 3688 angeri,
1129 3636 1206 3671 exeo
1221 3615 1289 3688 qnod
1310 3618 1366 3688 quis
1384 3619 1514 3690 experitur
1530 3619 1622 3672 mentis
1639 3618 1839 3689 intellegentiam
1857 3635 1982 3687 erescere,

418 3710 459 3762 hic
473 3729 542 3774 reru,
561 3711 629 3762 sicut
648 3711 706 3763 aliis
724 3719 750 3761 et
767 3710 824 3761 aliis
843 3708 959 3761 homiues
977 3719 1087 3773 utantur,
1106 3711 1142 3762 ite
1154 3710 1230 3762 aliam
1243 3718 1319 3778 atque
1333 3709 1410 3761 aliam
1423 3718 1534 3762 mentem
1548 3703 1667 3762 induere'.
1695 3709 1775 3762 Miror
1792 3719 1890 3774 autem,
1912 3713 1982 3782 quod

417 3801 567 3856 Karstanius
580 3802 650 3854 illem
665 3801 857 3854 Aristotelicam
870 3800 1116 3870 argumentationem
1128 3819 1174 3872 pro
1187 3819 1247 3854 vera
1262 3799 1364 3870 accipit,
1382 3800 1420 3852 ita
1438 3800 1526 3852 dicens
1539 3818 1564 3870 p.
1582 3801 1645 3852 258:
1667 3801 1747 3852 Cuius
1765 3801 1982 3872 interpretationis

418 3894 482 3946 ratio
495 3893 521 3946 in
534 3903 637 3963 promtu
651 3902 701 3946 est:
714 3884 745 3942 τί
756 3881 850 3959 irnperio
864 3891 990 3961 intellegit
1003 3907 1043 3942 res
1055 3901 1212 3960 praesentes,
1226 3889 1344 3943 sensibus
1357 3890 1480 3955 obiectas,
1492 3883 1616 3954 αἰσθοτίν
1626 3909 1664 3942 τοι
1678 3891 1730 3942 iarn
1743 3891 1812 3962 quod
1824 3893 1857 3958 τῷ
1867 3893 1980 3960 αἰσθητῷ
2014 3943 2020 3956 ,

418 3983 526 4036 allicitur
538 3979 664 4048 αἴσθησις
676 3993 724 4048 est,
738 4001 797 4054 ergo
811 3981 880 4050 μῆτος
894 3982 950 4036 sive
964 3970 1081 4049 φρίνησος
1093 3981 1161 4034 idem
1174 3993 1250 4052 atque
1263 3977 1396 4046 stream.

451 4077 492 4148 (²)
531 4077 679 4148 Cl.Philop.
690 4077 722 4130 de
732 4096 771 4131 sn
781 4082 799 4142 l,
812 4083 832 4132 l.
841 4071 874 4129 ‘0
883 4069 930 4145 γοῖρ
940 4071 1020 4143 'Epa
1029 4065 1074 4134 scic
1086 4066 1206 4147 διαφοροίς
1216 4075 1260 4130 riis
1274 4066 1400 4145 τ’ντοροίτοον
1412 4075 1489 4146 λίγοιν
1504 4070 1581 4145 φησὶν
1595 4062 1632 4128 ὅτι
1645 4074 1728 4128 larris
1742 4072 1801 4146 μεθ’
1813 4071 1902 4148 ἡμέραν
1916 4076 1978 4148 irip-

414 4161 525 4240 yqnu'ruv
543 4169 570 4219 al
588 4168 718 4237 mnspsvat
730 4166 837 4238 piscaret
850 4164 994 4234 φαντασίαι.
1011 4162 1098 4232 ταύτην
1116 4166 1143 4218 di
1158 4160 1201 4234 ssia
1213 4165 1350 4234 φαντασίαν
1362 4159 1478 4238 φρίνησον
1495 4169 1571 4218 καλοί
1581 4166 1604 4218 iu
1618 4163 1655 4227 τίς
1667 4178 1751 4234 φησιν·
1765 4156 1825 4220 ὅθον
1838 4167 1926 4235 σφίσιν
1937 4164 1979 4220 rui

414 4253 445 4312 sd
457 4267 552 4328 φρονεῖν
565 4255 662 4312 α’λλοῒα
673 4282 694 4312 ιι.
709 4279 731 4310 τ.
746 4263 773 4311 λ.
794 4259 953 4321 Brundisius,
973 4261 1002 4311 V.
1017 4259 1053 4322 C,
1072 4259 1115 4329 qui
1135 4259 1307 4330 Philoponnm
1321 4261 1405 4312 solum
1418 4257 1474 4311 talis
1494 4258 1676 4329 explicationis
1690 4269 1818 4312 auctorem
1832 4260 1901 4322 citat,
1921 4277 1977 4312 earn

415 4352 447 4405 ab
462 4352 510 4404 huc
522 4352 578 4406 viru
593 4351 765 4420 excogitatam
778 4369 835 4403 esse
848 4367 932 4420 neque
946 4360 1014 4402 certo
1028 4350 1193 4402 fundamento
1214 4349 1261 4402 niti
1274 4350 1424 4422 suspicatur.
1451 4348 1489 4402 Cl.
1510 4348 1665 4402 Geschichte
1683 4351 1729 4417 der
1743 4348 1906 4421 philosophie
1919 4351 1937 4414 l,
1950 4369 1975 4421 p.

416 4445 477 4496 221.
497 4441 570 4510 Quae
584 4442 689 4513 quidem
702 4441 815 4512 suspicio
829 4440 971 4494 rectissime
984 4459 1011 4493 se
1023 4441 1107 4495 habet

451 4535 492 4604 (¹)
530 4537 578 4590 Vel
590 4537 686 4608 potius,
703 4545 731 4589 ut
743 4537 886 4589 accuratius
899 4536 954 4588 eius
967 4537 1121 4590 sententiam
1134 4535 1253 4588 teletam:
1273 4528 1288 4600 ἢ
1304 4527 1416 4588 rudeis
1436 4527 1451 4599 ri
1471 4531 1690 4606 παραπλήσιον
1711 4527 1737 4588 ἓν
1754 4524 1921 4608 τῇαΙσὲτνίστι
1932 4525 1976 4602 τὴν

414 4620 540 4700 §piraeum

450 4723 492 4792 (⁴)
529 4723 657 4776 llaratenii
671 4721 811 4793 explicatio
825 4721 895 4776 illins
908 4722 959 4776 loci
973 4723 1035 4776 llaec
1049 4732 1088 4775 est
1102 4721 1139 4792 (p.
1150 4717 1229 4786 260):
1246 4713 1311 4775 'Res
1324 4741 1356 4774 eo
1369 4723 1556 4791 cognoscimus,
1573 4721 1642 4793 qnod
1655 4719 1731 4774 animi
1745 4737 1918 4792 sensuumque
1930 4741 1975 4776 na.

413 4825 539 4868 turanum
553 4821 713 4866 externarum
728 4831 810 4866 rerum
825 4822 913 4866 natura
927 4807 1062 4878 convenit',
1083 4812 1174 4865 deiude
1188 4813 1225 4883 (p.
1236 4808 1315 4880 lt9i):
1325 4807 1510 4881 ‘Empedocles
1524 4811 1667 4874 arbitratus,
1679 4827 1719 4862 res
1733 4808 1834 4864 divinas
1848 4821 1874 4864 et
1886 4812 1975 4866 homa·

414 4922 459 4960 nas
472 4923 488 4958 a
501 4905 575 4958 nobis
589 4903 695 4974 cogitari
709 4915 734 4958 et
747 4903 859 4974 perspici
877 4923 928 4958 non
942 4923 1028 4978 posse,
1046 4905 1096 4958 nisi
1116 4903 1140 4955 in
1155 4901 1347 4974 uobismetipsis
1360 4919 1445 4954 earum
1459 4920 1541 4955 rerum
1554 4899 1679 4974 principia
1691 4899 1769 4952 insin
1782 4899 1842 4966 sint,
1860 4901 1918 4958 hine
1936 4905 1974 4957 iu-

1731 5005 1771 5080 3.
